%%% -*-BibTeX-*-
@inproceedings{AAAI20Teney,
    author      = {Damien Teney  and  Peng Wang  and Jiewei Cao and
    Lingqiao Liu and Chunhua Shen and  Anton {van den Hengel}},
    title       = {{V-PROM}: A Benchmark for Visual Reasoning Using Visual Progressive Matrices},
    year        = {2020},
    pages       = {},
    volume      = {},
    publisher   = {},
    eprint      = {1907.12271},
    booktitle   = {AAAI Conference on Artificial Intelligence (AAAI'20)},
    address     = {},
    venue       = {AAAI},
    url         = {},
    project     = {},
} 

