%%% -*-BibTeX-*-
@inproceedings{AAAI2011,
    author      = {Kyoungup Park and  Chunhua Shen and  Zhihui Hao and Junae Kim},
    title       = {Efficiently learning a distance metric for large margin nearest neighbor classification},
    year        = {2011},
    month       = {August},
    booktitle   = {AAAI Conference on Artificial Intelligence (AAAI'11)},
    address     = {San Francisco, USA},
    venue       = {AAAI},
    pages       = {453--458},
    volume      = {},
    publisher   = {},
    note        = {},
    eprint      = {},
    url         = {},
} 

