%%% -*-BibTeX-*-
@inproceedings{AAAI2018Zhuang,
    author      = {Bohan Zhuang and  Qi Wu and Chunhua Shen and Ian Reid and Anton {van den Hengel}},
    title       = {{HCVRD}: a benchmark for large-scale Human-Centered Visual Relationship Detection},
    year        = {2018},
    month       = {},
    booktitle   = {AAAI Conference on Artificial Intelligence (AAAI'18)},
    address     = {},
    venue       = {AAAI},
    pages       = {},
    volume      = {},
    publisher   = {},
    eprint      = {},
    url         = {},
    project     = {},
} 

