%%% -*-BibTeX-*-
@inproceedings{AAAI19Li,
    author      = {Hui Li   and  Peng Wang  and  Chunhua Shen and  Guyu Zhang},
    title       = {Show, attend and read: a simple and strong baseline for  irregular text recognition},
    year        = {2019},
    pages       = {},
    volume      = {},
    publisher   = {},
    eprint      = {1811.00751},
    booktitle   = {AAAI Conference on Artificial Intelligence (AAAI'19)},
    address     = {},
    venue       = {AAAI},
    url         = {},
    project     = {},
} 

