%%% -*-BibTeX-*-
@inproceedings{AAAI20Wang,
    author      = {Xinlong Wang and Wei Yin and Tao Kong and Yuning Jiang
    and Lei Li and Chunhua Shen},
    title       = {Task-Aware Monocular Depth Estimation for {3D} Object Detection},
    year        = {2020},
    pages       = {},
    volume      = {},
    publisher   = {},
    eprint      = {1909.07701},
    booktitle   = {AAAI Conference on Artificial Intelligence (AAAI'20)},
    address     = {},
    venue       = {AAAI},
    url         = {},
    project     = {},
} 

