%%% -*-BibTeX-*-
@inproceedings{AAAI2018Zhang,
    author      = {Junjie Zhang and Qi Wu and   Jian Zhang and Chunhua Shen and Jianfeng Lu},
    title       = {Kill Two Birds with One Stone: Weakly-Supervised Neural Network for Image Annotation and Tag Refinement},
    year        = {2018},
    month       = {},
    booktitle   = {AAAI Conference on Artificial Intelligence (AAAI'18)},
    address     = {},
    venue       = {AAAI},
    pages       = {},
    volume      = {},
    publisher   = {},
    eprint      = {},
    url         = {},
    project     = {},
} 

