%%% -*-BibTeX-*-
@inproceedings{ACCV18Wei,
    author      = {Xiu-Shen Wei and Chen-Lin Zhang and Lingqiao Liu and Chunhua Shen and Jianxin Wu},
    title       = {Coarse-to-fine: A {RNN}-based hierarchical attention model for vehicle re-identification},
    year        = {2018},
    month       = {},
    booktitle   = {Asian Conference on Computer Vision (ACCV'18)},
    address     = {},
    venue       = {ACCV},
    pages       = {},
    volume      = {},
    publisher   = {},
    eprint      = {},
    url         = {},
    project     = {},
} 

