%%% -*-BibTeX-*-
@inproceedings{ACCV18Li,
    author      = {Ruibo Li   and  Ke Xian  and  Chunhua Shen and Zhiguo Cao and Hao Lu and Lingxiao Hang},
    title       = {Deep attention-based classification network for robust depth prediction},
    year        = {2018},
    month       = {},
    booktitle   = {Asian Conference on Computer Vision (ACCV'18)},
    address     = {},
    venue       = {ACCV},
    pages       = {},
    volume      = {},
    publisher   = {},
    eprint      = {1807.03959},
    url         = {},
    project     = {},
} 

