%%% -*-BibTeX-*-
@inproceedings{ACCV12,
    author      = {Guosheng Lin and Chunhua Shen and  Anton {van den Hengel} and David Suter},
    title       = {Fast Training of Effective Multi-class Boosting Using Coordinate Descent Optimization},
    year        = {2012},
    month       = {},
    booktitle   = {Asian Conference on Computer Vision (ACCV'12)},
    address     = {},
    venue       = {ACCV},
    pages       = {782--795},
    volume      = {7725},
    publisher   = {LNCS, Springer},
    note        = {},
    eprint      = {1311.5947},
    url         = {},
    pdf         = {}
} 

