%%% -*-BibTeX-*-
@inproceedings{ACRA2017McMahon,
    author      = {Sean {McMahon} and Tong Shen and Niko Sunderhauf and Ian Reid and Chunhua Shen and Michael Milford},
    title       = {Auxiliary Tasks To Improve Trip Hazard Affordance Detection},
    year        = {2017},
    month       = {},
    booktitle   = {Australasian Conference on Robotics and Automation  (ACRA'17)},
    address     = {},
    venue       = {ACRA},
    pages       = {},
    volume      = {},
    publisher   = {},
    eprint      = {},
    url         = {},
    project     = {},
} 

