%%% -*-BibTeX-*-
@article{Adaptive2019Zhang,
    author  = {Lei Zhang and Peng Wang and Chunhua Shen and Lingqiao Liu and  Wei Wei and Yanning Zhang  and Anton {van den Hengel}},
    title   = {Adaptive Importance Learning for Improving Lightweight Image Super-resolution Network},
    journal = {International Journal of Computer Vision},
    year    = {2019},
    eprint  = {1806.01576},
    project = {https://tinyurl.com/Super-resolution-Network},
    venue   = {IJCV},
} 

