%%% -*-BibTeX-*-
@article{Adaptive2007Wang,
   title   = {Adaptive object tracking based on an effective appearance filter},
   author  = {Hanzi Wang and David Suter and Konrad Schindler and Chunhua Shen},
   journal = {IEEE Transactions on Pattern Analysis and Machine
      Intelligence},
   volume  = {29},
   number  = {9},
   pages   = {1661--1667},
   year    = {2007},
   month   = {September},
   pdf     = {http://goo.gl/6rQTA1},
   url     = {http://dx.doi.org/10.1109/TPAMI.2007.1112},
   venue   = {TPAMI},
   note    = {Featured article of September issue 2007.},
} 

