%%% -*-BibTeX-*-
@inproceedings{Aether2025,
    author    = {Haoyi Zhu and Yifan Wang and Jianjun Zhou and Wenzheng Chang 
                    and Yang Zhou and Zizun Li and Junyi Chen 
                    and Chunhua Shen and Jiangmiao Pang and Tong He},
    title     = {Aether: Geometric-Aware Unified World Modeling},
    booktitle = {IEEE International Conference on Computer Vision (ICCV'25)},
    year      = {2025},
    volume    = {},
    month     = {},
    pdf       = {},
    url       = {},
    eprint    = {2503.18945},
    project   = {https://aether-world.github.io/},
    venue     = {ICCV},
    } 

