%%% -*-BibTeX-*-
@article{AsymBoost2011Wang,
    author = {Peng Wang and Chunhua Shen and Nick Barnes and Hong Zheng},
    title  = {Fast and Robust Object Detection Using Asymmetric Totally-corrective Boosting},
    journal= {IEEE Transactions on Neural Networks and Learning Systems},
    volume = {23},
    number = {1},
    year   = {2012},
    month  = {January},
    pages  = {33--46},
    eprint = {},
    pdf    = {http://hdl.handle.net/2440/66763},
    venue  = {TNN},
    note   = {},
} 

