%%% -*-BibTeX-*-
@article{Autorectify2021Bian,
    author  = {Jia-Wang Bian and  Huangying Zhan  and  Naiyan Wang  and  Tat-Jun Chin  and  Chunhua Shen  and  Ian Reid},
    title   = {Auto-Rectify Network for Unsupervised Indoor Depth Estimation},
    journal = {IEEE Transactions on Pattern Analysis and Machine Intelligence},
    year    = {2021},
    eprint  = {},
    project = {},
    venue   = {TPAMI},
} 

