%%% -*-BibTeX-*-
@article{AutoStory2024Wang,
  title  = {{AutoStory}: Generating Diverse Storytelling Images with Minimal Human Effort},
  author = {Wen Wang and Canyu Zhao and Hao Chen and Zhekai Chen and Kecheng Zheng and Chunhua Shen},
  journal= {International Journal of Computer Vision},
  venue  = {IJCV},
  year   = {2024},
} 

