%%% -*-BibTeX-*-
@article{Bian2021IJCV,
    author  = {Jia-Wang Bian and Huangying Zhan and Naiyan Wang and Zhichao Li and Le Zhang and Chunhua Shen and
               Ming-Ming Cheng  and  Ian Reid},
    title   = {Unsupervised Scale-consistent Depth Learning from Video},
    journal = {International Journal of Computer Vision},
    year    = {2021},
    eprint  = {2105.11610},
    project = {https://github.com/JiawangBian/SC-SfMLearner-Release},
    venue   = {IJCV},
} 

