%%% -*-BibTeX-*-
@inproceedings{BMVC17Zeroshot,
    author      = {Ruizhi Qiao and Lingqiao Liu  and Chunhua Shen and Anton {van den Hengel}},
    title       = {Visually Aligned Word Embeddings for Improving Zero-shot Learning},
    year        = {2017},
    month       = {},
    booktitle   = {British  Machine  Vision Conference  (BMVC'17)},
    address     = {},
    venue       = {BMVC},
    pages       = {},
    volume      = {},
    publisher   = {},
    eprint      = {},
    url         = {},
    project     = {},
} 

