%%% -*-BibTeX-*-
@inproceedings{BMVC2017Tong,
          author      = {Tong Shen and Guosheng Lin  and Lingqiao Liu and Chunhua Shen  and  Ian Reid},
          title       = {Weakly supervised semantic segmentation based on co-segmentation},
          year        = {2017},
          month       = {},
          booktitle   = {British  Machine  Vision Conference  (BMVC'17)},
          address     = {},
          venue       = {BMVC},
          pages       = {},
          volume      = {},
          publisher   = {},
          eprint      = {1701.07122},
          url         = {},
          project     = {},
} 

