%%% -*-BibTeX-*-
@inproceedings{BMVC18Nekrasov,
    author      = {Vladimir Nekrasov and Chunhua Shen and Ian Reid},
    title       = {Light-Weight RefineNet for Real-Time Semantic Segmentation},
    year        = {2018},
    month       = {},
    booktitle   = {British  Machine  Vision Conference  (BMVC'18)},
    address     = {},
    venue       = {BMVC},
    pages       = {},
    volume      = {},
    publisher   = {},
    eprint      = {},
    url         = {},
    project     = {https://github.com/DrSleep/light-weight-refinenet},
} 

