%%% -*-BibTeX-*-
@inproceedings{BMVC18Cai,
    author      = {Ming Cai  and Chunhua Shen and Ian Reid},
    title       = {A Hybrid Probabilistic Model for Camera Relocalization},
    year        = {2018},
    month       = {},
    booktitle   = {British  Machine  Vision Conference  (BMVC'18)},
    address     = {},
    venue       = {BMVC},
    pages       = {},
    volume      = {},
    publisher   = {},
    eprint      = {},
    url         = {},
    project     = {},
} 

