%%% -*-BibTeX-*-
@article{BnB2015Wang,
    author = {Peng Wang and Chunhua Shen  and Anton {van den Hengel} and Philip Torr},
    title  = {Efficient Semidefinite Branch-and-Cut for {MAP-MRF} Inference},
    journal= {International Journal of Computer Vision},
    volume = {117},
    number = {3},
    year   = {2016},
    url    = {http://doi.org/10.1007/s11263-015-0865-2},
    month  = {},
    pages  = {269--289},
    eprint = {1404.5009},
    venue  = {IJCV},
    project= {},
    note   = {},
} 

