%%% -*-BibTeX-*-
@inproceedings{Bo2025ICLR,
    title    = {Revisiting Convolution Architecture in the Realm of {DNA} Foundation Models},
    author   = {Yu Bo and Weian Mao and Yanjun Shao and Weiqiang Bai and Peng Ye and Xinzhu Ma and Junbo Zhao and Hao Chen and Chunhua Shen},
    booktitle= {International Conference on Learning Representations (ICLR'25)},
    year     = {2025},
    volume   = {},
    month    = {},
    pdf      = {},
    url      = {},
    eprint   = {},
    project  = {},
    venue    = {ICLR},
} 

