%%% -*-BibTeX-*-
@article{BQP2015Wang,
    author = {Peng Wang and Chunhua Shen  and  Anton {van den Hengel} and Philip H. S. Torr},
    title  = {Large-scale Binary Quadratic Optimization Using Semidefinite Relaxation and Applications},
    journal= {IEEE Transactions on Pattern Analysis and Machine Intelligence},
    volume = {},
    number = {},
    year   = {2016},
    url    = {http://dx.doi.org/10.1109/TPAMI.2016.2541146},
    month  = {},
    pages  = {},
    eprint = {1411.7564},
    venue  = {TPAMI},
    project= {},
    note   = {},
} 

