%%% -*-BibTeX-*-
@article{Cai2022PR,
author  = {Ying Cai and 
           Yuliang Liu and 
           ChunhuaShen and Lianwen Jin and 
           Yidong Li and Daji Ergu},
title   = {Arbitrarily shaped scene text detection with dynamic convolution},
journal = {Pattern Recognition},
year    = {2022},
eprint  = {},
project = {},
venue   = {PR},
} 

