%%% -*-BibTeX-*-
@article{Canonical2016Wang,
    author = {Sheng Wang  and  Jianfeng Lu   and   Xingjian Gu  and Chunhua Shen  and  Rui Xia  and Jingyu Yang},
    title  = {Canonical principal angles correlation analysis for two-view data},
    journal= {Journal of Visual Communication and Image Representation},
    volume = {},
    number = {},
    year   = {2016},
    url    = {http://dx.doi.org/10.1016/j.jvcir.2015.12.001},
    month  = {},
    pages  = {},
    eprint = {},
    venue  = {JVCIR},
    project= {},
    note   = {},
} 

