%%% -*-BibTeX-*-
@inproceedings{Cao2018ICML,
    title       = {Adversarial Learning with Local Coordinate Coding},
    author      = {Jiezhang  Cao  and  Yong  Guo  and Qingyao Wu  and Chunhua Shen and   Junzhou  Huang  and Mingkui  Tan},
    year        = {2018},
    month       = {},
    booktitle   = {International  Conference on Machine Learning (ICML'18)},
    address     = {},
    venue       = {ICML},
    pages       = {},
    volume      = {},
    publisher   = {},
    eprint      = {1806.04895},
    url         = {},
    project     = {},
} 

