%%% -*-BibTeX-*-
@article{Cao2017,
    author = {Yuanzhouhan Cao  and  Zifeng Wu   and   Chunhua Shen},
    title  = {Estimating Depth from Monocular Images as Classification Using Deep Fully Convolutional Residual Networks},
    journal= {IEEE Transactions on Circuits and Systems for Video Technology},
    year   = {2017},
    eprint = {1605.02305},
    venue  = {TCSVT},
} 

