%%% -*-BibTeX-*-
@article{Cao2020GAN,
    author  = {Jiezhang Cao and Yong Guo and Qingyao Wu and Chunhua Shen and Junzhou Huang and Mingkui Tan},
    title   = {Improving Generative Adversarial Networks with Local Coordinate Coding},
    journal = {IEEE Transactions on Pattern Analysis and Machine Intelligence},
    year    = {2020},
    eprint  = {2008.00942},
    project = {https://github.com/SCUTjinchengli/LCCGAN-v2},
    venue   = {TPAMI},
} 

