%%% -*-BibTeX-*-
@inproceedings{Cao2019GAN,
   author    = {Jiezhang Cao and Langyuan Mo and Yifan Zhang and Kui Jia and Chunhua Shen and Mingkui Tan},
   title     = {Multi-marginal Wasserstein {GAN}},
   booktitle = {Advances in Neural Information Processing Systems (NeurIPS'19)},
   year      = {2019},
   volume    = {},
   month     = {December},
   pdf       = {},
   url       = {},
   eprint    = {1911.00888},
   project   = {},
   venue     = {NeurIPS},
} 

