%%% -*-BibTeX-*-
@inproceedings{Chan2025ICCV,
   author    = {Sixian Chan and Zedong Li and Xiaoqin Zhang and Wenhao Li and Shijian Lu and Chunhua Shen},
   title     = {{SMSTracker}: Tri-path Score Mask Sigma Fusion for Multi-Modal Tracking},
   booktitle = {IEEE International Conference on Computer Vision (ICCV'25)},
   year      = {2025},
   volume    = {},
   month     = {},
   pdf       = {},
   url       = {},
   eprint    = {},
   project   = {},
   venue     = {ICCV},
} 

