%%% -*-BibTeX-*-
@article{Chen2019PAMI,
    author  = {Yu Chen and  Chunhua Shen  and  Hao Chen and  Xiu-Shen Wei  and  Lingqiao Liu  and  Jian Yang},
    title   = {Adversarial Learning of Structure-Aware Fully Convolutional Networks for Landmark Localization},
    journal = {IEEE Transactions on Pattern Analysis and Machine Intelligence},
    year    = {2020},
    volume  = {42},
    url     = {https://doi.org/10.1109/TPAMI.2019.2901875},
    pages   = {1654--1669},
    eprint  = {1711.00253},
    venue   = {TPAMI},
} 

