%%% -*-BibTeX-*-
@inproceedings{Chen2018CVPR,
    title      = {{FSRNet}: End-to-End Learning Face Super-Resolution with Facial Priors},
    author       = {Yu Chen  and   Ying Tai  and  Xiaoming Liu  and  Chunhua Shen  and  Jian Yang},
    year        = {2018},
    month       = {},
    booktitle   = {IEEE Conference on Computer Vision and Pattern Recognition (CVPR'18)},
    address     = {},
    venue       = {CVPR},
    pages       = {},
    volume      = {},
    publisher   = {},
    eprint      = {1711.10703},
    url         = {},
    project     = {https://github.com/tyshiwo/FSRNet},
} 

