%%% -*-BibTeX-*-
@inproceedings{Chen2025ICLR,
    title    = {{PerturboLLaVA}: Reducing Multimodal Hallucinations with Perturbative Visual Training},
    author   = {Cong Chen and Mingyu Liu and Chenchen Jing and Yizhou Zhou and Fengyun Rao and Hao Chen and Bo Zhang and Chunhua Shen},
    booktitle= {International Conference on Learning Representations (ICLR'25)},
    year     = {2025},
    volume   = {},
    month    = {},
    pdf      = {},
    url      = {},
    eprint   = {},
    project  = {},
    venue    = {ICLR},
} 

