%%% -*-BibTeX-*-
@inproceedings{Chen2024ICML,
   author    = {Defang Chen and Zhenyu Zhou and  Can Wang and  Chunhua Shen and  Siwei Lyu}, 
   title     = {On the Sampling Structure of Diffusion Models},
   booktitle = {International Conference on Machine Learning (ICML'24)},
   year      = {2024},
   volume    = {},
   month     = {},
   pdf       = {},
   eprint    = {},
   project   = {},
   venue     = {ICML},
   note      = {}, 
}  

