%%% -*-BibTeX-*-
@inproceedings{Chen2021CVPR3,
   author    = {Peng Chen and Jing Liu and Bohan Zhuang and Mingkui Tan and Chunhua Shen},
   title     = {{AQD}: Towards Accurate Quantized Object Detection},
   booktitle = {IEEE Conference on Computer Vision and Pattern Recognition (CVPR'21)},
   year      = {2021},
   volume    = {},
   month     = {},
   pdf       = {},
   url       = {},
   eprint    = {2007.06919},
   project   = {},
   note      = {Oral presentation},
   venue     = {CVPR},
} 

