%%% -*-BibTeX-*-
@inproceedings{Chen2021ICCV,
   author    = {Peng Chen and Bohan Zhuang  and  Chunhua Shen},
   title     = {{FATNN}: Fast and Accurate Ternary Neural Networks},
   booktitle = {IEEE International Conference on Computer Vision (ICCV'21)},
   year      = {2021},
   volume    = {},
   month     = {},
   pdf       = {},
   url       = {},
   eprint    = {2008.05101},
   project   = {},
   venue     = {ICCV},
} 

