%%% -*-BibTeX-*-
@article{Chi2022TPAMI,
    author  = {Chi Zhang and  Yujun Cai and  Guosheng Lin and Chunhua Shen},
    title   = {{DeepEMD}: Differentiable Earth Mover's Distance for Few-Shot Learning},
    journal = {IEEE Transactions on Pattern Analysis and Machine Intelligence},
    year    = {2022},
    eprint  = {2003.06777},
    project = {},
    venue   = {TPAMI},
} 

