%%% -*-BibTeX-*-
@inproceedings{Chi2022Depth,
   author    = {Chi Zhang and Wei Yin and Zhibin Wang and Gang Yu and Bin Fu  and Chunhua Shen},
   title     = {Hierarchical Normalization for Robust Monocular Depth Estimation},
   booktitle = {Advances in Neural Information Processing Systems (NeurIPS'22)},
   year      = {2022},
   volume    = {},
   month     = {December},
   pdf       = {},
   url       = {},
   eprint    = {},
   project   = {},
   venue     = {NeurIPS},
} 

