%%% -*-BibTeX-*-
@inproceedings{Chi2024ACL,
   author    = {Yanda Li and  Chi Zhang and  Gang Yu and  Zhibin Wang and 
       Bin Fu and  Guosheng Lin and  Chunhua Shen and  Ling Chen and  Yunchao Wei}, 
   title     = {{StableLLaVA}: Enhanced Visual Instruction Tuning with Synthesized Image-Dialogue Data},
   booktitle = {Findings of the Association for Computational Linguistics (EACL'24)},
   year      = {2024},
   volume    = {},
   month     = {},
   pdf       = {},
   eprint    = {},
   project   = {},
   venue     = {ACL},
   note      = {}, 
}  

