%%% -*-BibTeX-*-
@inproceedings{Chizhang2021ICCVMeta,
   author    = {Chi Zhang and Henghui Ding and Guosheng Lin and Ruibo Li and Changhu Wang and Chunhua Shen},
   title     = {Meta Navigator: Search for a Good Adaptation Policy for Few-shot Learning},
   booktitle = {IEEE International Conference on Computer Vision (ICCV'21)},
   year      = {2021},
   volume    = {},
   month     = {},
   pdf       = {},
   url       = {},
   eprint    = {2109.05749},
   project   = {},
   venue     = {ICCV},
} 

