%%% -*-BibTeX-*-
@inproceedings{Classification2006Shen,
   author    = {Chunhua Shen and Hongdong Li and Michael J. Brooks},
   title     = {Classification-based likelihood functions for {B}ayesian tracking},
   booktitle = {IEEE International Conference on Advanced Video and Signal based Surveillance (AVSS'06)},
   year      = {2006},
   pages     = {33--38},
   volume    = {},
   address   = {Sydney, Australia},
   publisher = {IEEE Computer Society},
   month     = {November},
   url       = {http://dx.doi.org/10.1109/AVSS.2006.33},
   pdf       = {},
   venue     = {AVSS},
} 

