%%% -*-BibTeX-*-
@article{CondInst2022Tian,
    author  = {Zhi Tian and Bowen Zhang and Hao Chen and  Chunhua Shen},
    title   = {Instance and Panoptic Segmentation Using Conditional Convolutions},
    journal = {IEEE Transactions on Pattern Analysis and Machine Intelligence},
    year    = {2022},
    eprint  = {2102.03026},
    project = {https://github.com/aim-uofa/AdelaiDet/},
    venue   = {TPAMI},
} 

