%%% -*-BibTeX-*-
@inproceedings{Convex2007Shen,
   author    = {Chunhua Shen and Hongdong Li and Michael J. Brooks},
   title     = {A convex programming approach to the trace quotient problem},
   booktitle = {8th Asian Conference on Computer Vision (ACCV'07)},
   year      = {2007},
   pages     = {227--235},
   volume    = {2},
   address   = {Tokyo, Japan},
   month     = {November},
   publisher = {Lecture Notes in Computer Science (LNCS) 4844, Springer-Verlag},
   url       = {http://dx.doi.org/10.1007/978-3-540-76390-1_23},
   pdf       = {},
   venue     = {ACCV},
} 

