%%% -*-BibTeX-*-
@article{Counting2019CSVT,
    author  = {Liang Liu  and  Hao Lu  and Haipeng Xiong and Ke Xian and Zhiguo Cao and Chunhua Shen},
    title   = {Counting Objects by Blockwise Classification},
    journal = {IEEE Transactions on Circuits and Systems for Video Technology},
    year    = {2019},
    eprint  = {},
    venue   = {TCSVT},
} 

