%%% -*-BibTeX-*-
@inproceedings{CPE2023ICLR,
   author    = {Xiangxiang Chu and  Zhi Tian and Bo Zhang  and  
                Xinlong Wang and Xiaolin Wei and Huaxia Xia and Chunhua Shen},
   title     = {Conditional Positional Encodings for Vision Transformers},
   booktitle = {International Conference on Learning Representations (ICLR'23)},
   year      = {2023},
   volume    = {},
   month     = {},
   pdf       = {},
   url       = {},
   eprint    = {2102.10882},
   project   = {},
   venue     = {ICLR},
} 

