%%% -*-BibTeX-*-
@article{Cross2017Liu,
    author = {Lingqiao Liu  and Chunhua Shen  and  Anton {van den Hengel}},
    title  = {Cross-convolutional-layer Pooling for Image Recognition},
    journal= {IEEE Transactions on Pattern Analysis and Machine Intelligence},
    volume = {39},
    number = {11},
    year   = {2017},
    url    = {http://ieeexplore.ieee.org/xpl/articleDetails.jsp?arnumber=7779086},
    month  = {},
    pages  = {2305-2313},
    eprint = {1510.00921},
    venue  = {TPAMI},
    project= {},
    note   = {},
} 

