%%% -*-BibTeX-*-
@article{Cui2021Joint,
    author  = {Ying Cui and  Dongyan Guo  and Yanyan Shao  and Zhenhua Wang  and Chunhua Shen  and
		 Liyan Zhang  and Shengyong Chen},
    title   = {Joint classification and regression for visual tracking with fully convolutional {S}iamese networks},
    journal = {International Journal of Computer Vision},
    year    = {2021},
    eprint  = {},
    project = {},
    venue   = {IJCV},
} 

