%%% -*-BibTeX-*-
@article{CVIU2016,
    author = {Sakrapee Paisitkriangkrai and  Lin Wu  and  Chunhua Shen and Anton {van den Hengel}},
    title  = {Structured learning of metric ensembles with application to person re-identification},
    journal= {Computer Vision and Image Understanding},
    volume = {},
    number = {},
    year   = {2016},
    url    = {},
    month  = {},
    pages  = {},
    eprint = {1511.08531},
    venue  = {CVIU},
    project= {},
    note   = {},
} 

