%%% -*-BibTeX-*-
@article{CVIU2017VQA,
    author = {Qi Wu  and  Damien Teney  and  Peng Wang  and   Chunhua Shen and Anthony Dick and Anton {van den Hengel}},
    title  = {Visual question answering: A survey of methods and datasets},
    journal= {Computer Vision and Image Understanding},
    volume = {},
    number = {},
    year   = {2017},
    url    = {},
    month  = {},
    pages  = {},
    eprint = {1607.05910},
    venue  = {CVIU},
    project= {},
    note   = {},
} 

