%%% -*-BibTeX-*-
@inproceedings{CVPR16Irregular,
    author      = {Peng Wang  and Lingqiao Liu  and Chunhua Shen and Zi Huang and Anton {van den Hengel} and Heng Tao Shen},
    title       = {What's Wrong with that Object? Identifying Irregular Object
                   From Images by Modelling the Detection Score Distribution},
    year        = {2016},
    month       = {},
    booktitle   = {IEEE Conference on Computer Vision and Pattern Recognition (CVPR'16)},
    address     = {},
    venue       = {CVPR},
    pages       = {},
    volume      = {},
    publisher   = {},
    eprint      = {1602.04422},
    url         = {},
    project     = {},
} 

