%%% -*-BibTeX-*-
@inproceedings{CVPR15e,
    author      = {Peng Wang and Chunhua Shen and Anton  {van den Hengel}},
    title       = {Efficient {SDP} Inference for Fully-connected {CRFs} Based on Low-rank Decomposition},
    year        = {2015},
    month       = {},
    booktitle   = {IEEE Conference on Computer Vision and Pattern Recognition (CVPR'15)},
    address     = {},
    venue       = {CVPR},
    pages       = {},
    volume      = {},
    publisher   = {},
    note        = {},
    eprint      = {1504.01492},
    url         = {},
    pdf         = {},
    project     = {},
} 

