%%% -*-BibTeX-*-
@inproceedings{CVPR19Wang4,
    title        = {Associatively Segmenting Instances and Semantics in Point Clouds},
    author       = {Xinlong Wang and Shu Liu and Xiaoyong Shen and Chunhua Shen and Jiaya Jia},
    year        = {2019},
    pages       = {},
    volume      = {},
    publisher   = {},
    eprint      = {1902.09852},
    booktitle   = {IEEE Conference on Computer Vision and Pattern Recognition (CVPR'19)},
    address     = {},
    venue       = {CVPR},
    url         = {},
    project     = {},
} 

