%%% -*-BibTeX-*-
@inproceedings{CVPR13cWang,
    author      = {Zhenhua Wang and Qinfeng Shi and Chunhua Shen  and Anton {van den Hengel}},
    title       = {Bilinear Programming for Human Activity Recognition with unknown {MRF} graphs},
    year        = {2013},
    month       = {},
    booktitle   = {IEEE Conference on Computer Vision and Pattern Recognition (CVPR'13)},
    address     = {Oregon, USA},
    venue       = {CVPR},
    pages       = {},
    volume      = {},
    publisher   = {},
    note        = {},
    eprint      = {},
    url         = {http://hdl.handle.net/2440/77411},
    pdf         = {http://www.cv-foundation.org/openaccess/content_cvpr_2013/papers/Wang_Bilinear_Programming_for_2013_CVPR_paper.pdf},
} 

