%%% -*-BibTeX-*-
@inproceedings{CVPR19Zhang5,
    author      = {Chi Zhang  and  Guosheng Lin and  Fayao Liu and Rui Yao  and  Chunhua Shen},
    title       = {{CANet}: Class-Agnostic Segmentation Networks with Iterative Refinement and Attentive Few-Shot Learning},
    year        = {2019},
    pages       = {},
    volume      = {},
    publisher   = {},
    eprint      = {1903.02351},
    booktitle   = {IEEE Conference on Computer Vision and Pattern Recognition (CVPR'19)},
    address     = {},
    venue       = {CVPR},
    url         = {},
    project     = {},
} 

