%%% -*-BibTeX-*-
@inproceedings{CVPR12b,
    author      = {Sakrapee Paisitkriangkrai and Chunhua Shen  and Anton {van den Hengel}},
    title       = {Sharing Features in Multi-class Boosting via Group Sparsity},
    year        = {2012},
    month       = {},
    booktitle   = {IEEE  Conference on Computer Vision and Pattern Recognition (CVPR'12)},
    address     = {},
    venue       = {CVPR},
    pages       = {2128--2135},
    volume      = {},
    publisher   = {},
    note        = {},
    eprint      = {},
    pdf         = {http://hdl.handle.net/2440/69851},
} 

