%%% -*-BibTeX-*-
@inproceedings{CVPR2020Liu6,
    title      =  {{ABCNet}: Arbitrarily-Shaped Scene Text Spotting with Adaptive
    {B}ezier-Curve Network in Real Time},
    author      = {Yuliang Liu and  Hao Chen and
                   Chunhua Shen and  Tong He and Lianwen Jin and Liangwei Wang},
    year        = {2020},
    pages       = {},
    volume      = {},
    publisher   = {},
    eprint      = {2002.10200},
    booktitle   = {IEEE Conference on Computer Vision and Pattern Recognition (CVPR'20)},
    address     = {},
    venue       = {CVPR},
    url         = {},
    project     = {https://github.com/aim-uofa/AdelaiDet/},
    note      = {Oral presentation},
} 

