%%% -*-BibTeX-*-
@inproceedings{CVPR19Nekrasov1,
    author      = {Vladimir Nekrasov and Hao Chen and Chunhua Shen and Ian Reid},
    title       = {Fast Neural Architecture Search of Compact Semantic Segmentation Models via Auxiliary Cells},
    year        = {2019},
    pages       = {},
    volume      = {},
    publisher   = {},
    eprint      = {1810.10804},
    booktitle   = {IEEE Conference on Computer Vision and Pattern Recognition (CVPR'19)},
    address     = {},
    venue       = {CVPR},
    url         = {},
    project     = {},
} 

