%%% -*-BibTeX-*-
@inproceedings{CVPR15a,
    author      = {Yao Li and Lingqiao Liu and Chunhua Shen and Anton  {van den Hengel}},
    title       = {Mid-level Deep Pattern Mining},
    year        = {2015},
    month       = {},
    booktitle   = {IEEE Conference on Computer Vision and Pattern Recognition (CVPR'15)},
    address     = {},
    venue       = {CVPR},
    pages       = {},
    volume      = {},
    publisher   = {},
    note        = {},
    eprint      = {1411.6382},
    url         = {},
    pdf         = {},
    project     = {https://github.com/yaoliUoA/MDPM},
} 

