%%% -*-BibTeX-*-
@inproceedings{CVPR16What,
    author      = {Qi Wu  and Chunhua Shen  and Lingqiao Liu and Anthony Dick and Anton {van den Hengel}},
    title       = {What Value Do Explicit High Level Concepts Have in Vision to Language Problems},
    year        = {2016},
    month       = {},
    booktitle   = {IEEE Conference on Computer Vision and Pattern Recognition (CVPR'16)},
    address     = {},
    venue       = {CVPR},
    pages       = {},
    volume      = {},
    publisher   = {},
    eprint      = {1506.01144},
    url         = {},
    project     = {},
} 

