%%% -*-BibTeX-*-
@inproceedings{CVPR15d,
    author      = {Lingqiao Liu and Chunhua Shen and Anton  {van den Hengel}},
    title       = {The Treasure beneath Convolutional Layers: Cross convolutional layer Pooling for Image Classification},
    year        = {2015},
    month       = {},
    booktitle   = {IEEE Conference on Computer Vision and Pattern Recognition (CVPR'15)},
    address     = {},
    venue       = {CVPR},
    pages       = {},
    volume      = {},
    publisher   = {},
    note        = {},
    eprint      = {1411.7466},
    url         = {},
    pdf         = {},
    project     = {},
} 

