%%% -*-BibTeX-*-
@inproceedings{CVPR2020Yu2,
    author      = {Changqian Yu and Jingbo Wang  and Changxin Gao and Gang Yu and
    Chunhua Shen and Nong Sang },
    title       = {Context Prior for Scene Segmentation},
    year        = {2020},
    pages       = {},
    volume      = {},
    publisher   = {},
    eprint      = {2004.01547},
    booktitle   = {IEEE Conference on Computer Vision and Pattern Recognition (CVPR'20)},
    address     = {},
    venue       = {CVPR},
    url         = {},
    project     = {},
} 

