%%% -*-BibTeX-*-
@inproceedings{CVPR19Zhang6,
    author      = {Junjie Zhang  and   Qi Wu  and  Jian Zhang  and  Chunhua Shen  and  Jianfeng Lu},
    title       = {Mind Your Neighbours: Image Annotation with Metadata Neighbourhood Graph Co-Attention Networks},
    year        = {2019},
    pages       = {},
    volume      = {},
    publisher   = {},
    eprint      = {},
    booktitle   = {IEEE Conference on Computer Vision and Pattern Recognition (CVPR'19)},
    address     = {},
    venue       = {CVPR},
    url         = {http://openaccess.thecvf.com/content_CVPR_2019/papers/Zhang_Mind_Your_Neighbours_Image_Annotation_With_Metadata_Neighbourhood_Graph_Co-Attention_CVPR_2019_paper.pdf},
    project     = {},
} 

