%%% -*-BibTeX-*-
@inproceedings{CVPR2020NAS11,
    title       = {Memory-Efficient Hierarchical Neural Architecture Search for Image Denoising},
    author      = {Haokui Zhang and Ying Li and Hao Chen and Chunhua Shen},
    year        = {2020},
    pages       = {},
    volume      = {},
    publisher   = {},
    eprint      = {1909.08228},
    booktitle   = {IEEE Conference on Computer Vision and Pattern Recognition (CVPR'20)},
    address     = {},
    venue       = {CVPR},
    url         = {},
    project     = {},
} 

