%%% -*-BibTeX-*-
@inproceedings{CVPR16Binary,
    author      = {Bohan Zhuang and Guosheng Lin and Chunhua Shen and Ian Reid},
    title       = {Fast Training of Triplet-based Deep Binary Embedding Networks},
    year        = {2016},
    month       = {},
    booktitle   = {IEEE Conference on Computer Vision and Pattern Recognition (CVPR'16)},
    address     = {},
    venue       = {CVPR},
    pages       = {},
    volume      = {},
    publisher   = {},
    eprint      = {1603.02844},
    url         = {},
    project     = {https://bitbucket.org/jingruixiaozhuang/fast-training-of-triplet-based-deep-binary-embedding-networks},
} 

