%%% -*-BibTeX-*-
@inproceedings{CVPR2020REVERIE1,
    author      = {Yuankai Qi and Qi Wu and
                   Peter Anderson and  Xin Wang and William Yang Wang and
                    Chunhua Shen and Anton {van den Hengel}},
    title       = {{REVERIE}: Remote Embodied Visual Referring Expression in Real Indoor Environments},
    year        = {2020},
    pages       = {},
    volume      = {},
    publisher   = {},
    eprint      = {1904.10151},
    booktitle   = {IEEE Conference on Computer Vision and Pattern Recognition (CVPR'20)},
    address     = {},
    venue       = {CVPR},
    url         = {},
    project     = {},
    note      = {Oral presentation},
} 

