%%% -*-BibTeX-*-
@inproceedings{CVPR2020Zhuang5,
    title      =  {Training Quantized Neural Networks with a Full-precision Auxiliary Module},
    author      = {Bohan Zhuang and Lingqiao Liu and Mingkui Tan and
                   Chunhua Shen  and  Ian Reid},
    year        = {2020},
    pages       = {},
    volume      = {},
    publisher   = {},
    eprint      = {1903.11236},
    booktitle   = {IEEE Conference on Computer Vision and Pattern Recognition (CVPR'20)},
    address     = {},
    venue       = {CVPR},
    url         = {},
    project     = {},
    note      = {Oral presentation},
} 

