%%% -*-BibTeX-*-
@inproceedings{CVPR2017Zhuang,
  author      = {Bohan Zhuang  and  Lingqiao Liu  and Yao Li and  Chunhua Shen  and Ian Reid},
  title       = {Attend in groups: a weakly-supervised deep learning framework for learning from web data},
  year        = {2017},
  month       = {},
  booktitle   = {IEEE Conference on Computer Vision and Pattern Recognition (CVPR'17)},
  address     = {},
  venue       = {CVPR},
  pages       = {},
  volume      = {},
  publisher   = {},
  eprint      = {1611.09960},
  url         = {},
  project     = {},
} 

