%%% -*-BibTeX-*-
@inproceedings{CVPR16AMA,
    author      = {Qi Wu and Peng Wang and Chunhua Shen and Anthony Dick  and Anton {van den Hengel} },
    title       = {Ask Me Anything: Free-form Visual Question Answering Based on Knowledge from External Sources},
    year        = {2016},
    month       = {},
    booktitle   = {IEEE Conference on Computer Vision and Pattern Recognition (CVPR'16)},
    address     = {},
    venue       = {CVPR},
    pages       = {},
    volume      = {},
    publisher   = {},
    eprint      = {1511.06973},
    url         = {},
    project     = {},
} 

