%%% -*-BibTeX-*-
@inproceedings{CVPR16Zeroshot,
    author      = {Ruizhi Qiao and Lingqiao Liu  and Chunhua Shen and Anton {van den Hengel}},
    title       = {Less is More: Zero-shot Learning from Online Textual Documents with Noise Suppression},
    year        = {2016},
    month       = {},
    booktitle   = {IEEE Conference on Computer Vision and Pattern Recognition (CVPR'16)},
    address     = {},
    venue       = {CVPR},
    pages       = {},
    volume      = {},
    publisher   = {},
    eprint      = {1604.01146},
    url         = {},
    project     = {},
} 

