%%% -*-BibTeX-*-
@inproceedings{CVPR15b,
    author      = {Fayao Liu and Chunhua Shen and Guosheng Lin},
    title       = {Deep Convolutional Neural Fields for Depth Estimation from a Single Image},
    year        = {2015},
    month       = {},
    booktitle   = {IEEE Conference on Computer Vision and Pattern Recognition (CVPR'15)},
    address     = {},
    venue       = {CVPR},
    pages       = {},
    volume      = {},
    publisher   = {},
    note        = {},
    eprint      = {1411.6387},
    url         = {},
    pdf         = {},
    project     = {http://goo.gl/rAKWrS},
} 

