%%% -*-BibTeX-*-
@inproceedings{CVPR2020Self12,
    title       = {Self-trained Deep Ordinal Regression for End-to-End Video Anomaly Detection},
    author      = {Guansong Pang and Cheng Yan and  Chunhua Shen and
                    Anton {van den Hengel} and Xiao Bai},
    year        = {2020},
    pages       = {},
    volume      = {},
    publisher   = {},
    eprint      = {2003.06780},
    booktitle   = {IEEE Conference on Computer Vision and Pattern Recognition (CVPR'20)},
    address     = {},
    venue       = {CVPR},
    url         = {},
    project     = {},
} 

