%%% -*-BibTeX-*-
@inproceedings{CVPR13dWang,
    author      = {Peng Wang and Chunhua Shen  and Anton {van den Hengel}},
    title       = {A Fast Semidefinite Approach to Solving Binary Quadratic Problems},
    year        = {2013},
    month       = {},
    booktitle   = {IEEE Conference on Computer Vision and Pattern Recognition (CVPR'13)},
    address     = {Oregon, USA},
    venue       = {CVPR},
    pages       = {},
    volume      = {},
    publisher   = {},
    note        = {Oral presentation, 60 out of 1870 submissions.},
    eprint      = {1304.0840},
    url         = {},
    pdf         = {},
    project     = {./projects/BQP/}
} 

