%%% -*-BibTeX-*-
@inproceedings{CVPR19PengWang0,
    author      = {Peng Wang and Qi Wu and Jiewei Cao and Chunhua Shen and Lianli Gao and Anton {vanden Hengel}},
    title       = {Neighbourhood Watch: Referring Expression Comprehension via Language-guided Graph Attention Networks},
    year        = {2019},
    pages       = {},
    volume      = {},
    publisher   = {},
    eprint      = {1812.04794},
    booktitle   = {IEEE Conference on Computer Vision and Pattern Recognition (CVPR'19)},
    address     = {},
    venue       = {CVPR},
    url         = {},
    project     = {},
} 

