%%% -*-BibTeX-*-
@inproceedings{CVPR19Yan9,
    author      = {Qingsen Yan  and   Dong Gong  and   Qinfeng Shi  and  Anton {van den Hengel} and
                   Chunhua Shen and  Ian Reid  and  Yanning Zhang},
    title       = {Attention-guided Network for Ghost-free High Dynamic Range Imaging},
    year        = {2019},
    pages       = {},
    volume      = {},
    publisher   = {},
    eprint      = {1904.10293},
    booktitle   = {IEEE Conference on Computer Vision and Pattern Recognition (CVPR'19)},
    address     = {},
    venue       = {CVPR},
    url         = {},
    project     = {},
} 

