%%% -*-BibTeX-*-
@inproceedings{CVPR2017WangVQA,
          author      = {Peng Wang and Qi Wu and Chunhua Shen  and  Anton {van den Hengel}},
          title       = {The {VQA}-Machine: Learning How to Use Existing Vision Algorithms to Answer New Questions},
          year        = {2017},
          month       = {},
          booktitle   = {IEEE Conference on Computer Vision and Pattern Recognition (CVPR'17)},
          address     = {},
          venue       = {CVPR},
          pages       = {},
          volume      = {},
          publisher   = {},
          eprint      = {1612.05386},
          url         = {},
          project     = {},
} 

