%%% -*-BibTeX-*-
@inproceedings{CVPR13aShen,
    author      = {Fumin Shen and Chunhua Shen and Qinfeng Shi and Anton {van den Hengel} and Zhenmin Tang},
    title       = {Inductive Hashing on Manifolds},
    year        = {2013},
    month       = {},
    booktitle   = {IEEE Conference on Computer Vision and Pattern Recognition (CVPR'13)},
    address     = {Oregon, USA},
    venue       = {CVPR},
    pages       = {},
    volume      = {},
    publisher   = {},
    note        = {},
    eprint      = {1303.7043},
    url         = {},
    pdf         = {},
    project     = {https://github.com/chhshen/Hashing-on-Nonlinear-Manifolds},
} 

