%%% -*-BibTeX-*-
@inproceedings{CVPR16labelling,
    author      = {Guosheng Lin and Chunhua Shen  and Anton {van dan Hengel} and Ian Reid},
    title       = {Efficient piecewise training of deep structured models for semantic segmentation},
    year        = {2016},
    month       = {},
    booktitle   = {IEEE Conference on Computer Vision and Pattern Recognition (CVPR'16)},
    address     = {},
    venue       = {CVPR},
    pages       = {},
    volume      = {},
    publisher   = {},
    eprint      = {1504.01013},
    url         = {},
    project     = {},
} 

