%%% -*-BibTeX-*-
@inproceedings{CVPR13eYao,
    author      = {Rui Yao and  Qinfeng Shi and Chunhua Shen  and Yanning Zhang and Anton {van den Hengel} },
    title       = {Part-based Visual Tracking with Online Latent Structural Learning},
    year        = {2013},
    month       = {},
    booktitle   = {IEEE Conference on Computer Vision and Pattern Recognition (CVPR'13)},
    address     = {Oregon, USA},
    venue       = {CVPR},
    pages       = {},
    volume      = {},
    publisher   = {},
    note        = {},
    eprint      = {},
    project     = {https://github.com/chhshen/PartTracking},
    url         = {http://hdl.handle.net/2440/77413},
    pdf         = {http://www.cv-foundation.org/openaccess/content_cvpr_2013/papers/Yao_Part-Based_Visual_Tracking_2013_CVPR_paper.pdf},
} 

