%%% -*-BibTeX-*-
@inproceedings{CVPR13bLi,
    author      = {Xi Li and Chunhua Shen and Anthony Dick and Anton {van den Hengel}},
    title       = {Learning Compact Binary Codes for Visual Tracking},
    year        = {2013},
    month       = {},
    booktitle   = {IEEE Conference on Computer Vision and Pattern Recognition (CVPR'13)},
    address     = {Oregon, USA},
    venue       = {CVPR},
    pages       = {},
    volume      = {},
    publisher   = {},
    note        = {},
    eprint      = {},
    url         = {http://hdl.handle.net/2440/77412},
    pdf         = {http://www.cv-foundation.org/openaccess/content_cvpr_2013/papers/Li_Learning_Compact_Binary_2013_CVPR_paper.pdf},
} 

