%%% -*-BibTeX-*-
@inproceedings{CVPR2020NASFCOS10,
    title       = {{NAS-FCOS}: Fast Neural Architecture Search for Object Detection},
    author      = {Ning Wang and  Yang Gao and
                   Hao Chen  and  Peng Wang and Zhi Tian and
                    Chunhua Shen and Yanning Zhang},
    year        = {2020},
    pages       = {},
    volume      = {},
    publisher   = {},
    eprint      = {1906.04423},
    booktitle   = {IEEE Conference on Computer Vision and Pattern Recognition (CVPR'20)},
    address     = {},
    venue       = {CVPR},
    url         = {},
    project     = {https://github.com/Lausannen/NAS-FCOS},
} 

