%%% -*-BibTeX-*-
@inproceedings{CVPR15f,
    author      = {Sakrapee Paisitkriangkrai and Chunhua Shen and Anton  {van den Hengel}},
    title       = {Learning to rank in person re-identification with metric ensembles},
    year        = {2015},
    month       = {},
    booktitle   = {IEEE Conference on Computer Vision and Pattern Recognition (CVPR'15)},
    address     = {},
    venue       = {CVPR},
    pages       = {},
    volume      = {},
    publisher   = {},
    note        = {},
    eprint      = {1503.01543},
    url         = {},
    pdf         = {},
    project     = {},
} 

