%%% -*-BibTeX-*-
@inproceedings{CVPR15c,
    author      = {Fumin Shen and Chunhua Shen and Wei Liu and Heng Tao Shen},
    title       = {Supervised Discrete Hashing},
    year        = {2015},
    month       = {},
    booktitle   = {IEEE Conference on Computer Vision and Pattern Recognition (CVPR'15)},
    address     = {},
    venue       = {CVPR},
    pages       = {},
    volume      = {},
    note        = {},
    eprint      = {},
    url         = {},
    pdf         = {http://www.cv-foundation.org/openaccess/content_cvpr_2015/papers/Shen_Supervised_Discrete_Hashing_2015_CVPR_paper.pdf},
    project     = {https://github.com/bd622/DiscretHashing/},
} 

