%%% -*-BibTeX-*-
@inproceedings{CVPR2023aWang,
   title    = {Images Speak in Images: A Generalist Painter for In-Context Visual Learning},
   author   = {Xinlong Wang and  Wen Wang and  Yue Cao and  Chunhua Shen and Tiejun Huang},
   booktitle = {IEEE Conference on Computer Vision and Pattern Recognition (CVPR'23)},
   year      = {2023},
   volume    = {},
   month     = {},
   pdf       = {},
   url       = {},
   eprint    = {2212.02499},
   project   = {https://github.com/baaivision/Painter},
   venue     = {CVPR},
} 

