%%% -*-BibTeX-*-
@inproceedings{CVPR2020Wang4,
    title      = {On the General Value of Evidence, and Bilingual Scene-Text Visual Question Answering},
    author      = {Xinyu Wang and Yuliang Liu and Chunhua Shen and
                   Chun Chet Ng and Canjie Luo and Lianwen Jin and Chee Seng Chan and
                   Anton {van den Hengel} and  Liangwei Wang},
    year        = {2020},
    pages       = {},
    volume      = {},
    publisher   = {},
    eprint      = {2002.10215},
    booktitle   = {IEEE Conference on Computer Vision and Pattern Recognition (CVPR'20)},
    address     = {},
    venue       = {CVPR},
    url         = {},
    project     = {},
} 

