%%% -*-BibTeX-*-
@inproceedings{CVPR2020Xie8,
    title       =  {{PolarMask}: Single Shot Instance Segmentation with Polar Representation},
    author      = {Xie, Enze and Sun, Peize and Song, Xiaoge and Wang, Wenhai and Liu, Xuebo and Liang, Ding and Shen, Chunhua and Luo, Ping},
    year        = {2020},
    pages       = {},
    volume      = {},
    publisher   = {},
    eprint      = {1909.13226},
    booktitle   = {IEEE Conference on Computer Vision and Pattern Recognition (CVPR'20)},
    address     = {},
    venue       = {CVPR},
    url         = {},
    project     = {https://github.com/xieenze/PolarMask},
    note      = {Oral presentation},
} 

