%%% -*-BibTeX-*-
@inproceedings{CVPR2017YaoLi,
  author      = {Yao Li  and  Guosheng Lin  and Bohan Zhuang  and Lingqiao Liu  and Chunhua Shen and Anton {van den Hengel}},
  title       = {Sequential Person Recognition in Photo Albums with a Recurrent Network},
  year        = {2017},
  month       = {},
  booktitle   = {IEEE Conference on Computer Vision and Pattern Recognition (CVPR'17)},
  address     = {},
  venue       = {CVPR},
  pages       = {},
  volume      = {},
  publisher   = {},
  eprint      = {1611.09967},
  url         = {},
  project     = {},
} 

