%%% -*-BibTeX-*-
@inproceedings{CVPR19Zhuang3,
    author      = {Bohan Zhuang and Chunhua Shen and Mingkui Tan and Lingqiao Liu and Ian Reid},
    title       = {Structured Binary Neural Networks for Accurate Image Classification and Semantic Segmentation},
    year        = {2019},
    pages       = {},
    volume      = {},
    publisher   = {},
    eprint      = {1811.10413},
    booktitle   = {IEEE Conference on Computer Vision and Pattern Recognition (CVPR'19)},
    address     = {},
    venue       = {CVPR},
    url         = {},
    project     = {https://bitbucket.org/jingruixiaozhuang/group-net-image-classification/},
} 

