%%% -*-BibTeX-*-
@inproceedings{CVPR12a,
    author      = {Xi Li and  Chunhua Shen and Qinfeng Shi and Anthony Dick and Anton {van den Hengel}},
    title       = {Non-sparse Linear Representations for Visual Tracking with Online Reservoir Metric Learning},
    year        = {2012},
    month       = {},
    booktitle   = {IEEE Conference on Computer Vision and Pattern Recognition (CVPR'12)},
    address     = {},
    venue       = {CVPR},
    pages       = {1760--1767},
    volume      = {},
    publisher   = {},
    note        = {},
    eprint      = {1204.2912},
    pdf         = {http://hdl.handle.net/2440/70244},
} 

