%%% -*-BibTeX-*-
@inproceedings{CVPR2020EMD9,
    title       =  {{DeepEMD}: Few-Shot Image Classification with Differentiable Earth Mover's Distance and Structured Classifiers},
    author      = {Chi Zhang and Yujun Cai and Guosheng Lin and Chunhua Shen},
    year        = {2020},
    pages       = {},
    volume      = {},
    publisher   = {},
    eprint      = {2003.06777},
    booktitle   = {IEEE Conference on Computer Vision and Pattern Recognition (CVPR'20)},
    address     = {},
    venue       = {CVPR},
    url         = {},
    project     = {https://github.com/icoz69/DeepEMD},
    note      = {Oral presentation},
} 

