%%% -*-BibTeX-*-
@inproceedings{CVPR15g,
    author      = {Mingkui Tan  and Qinfeng Shi and Anton  {van den Hengel} and Chunhua Shen
                   and Junbin Gao and Fuyuan Hu
                   and Zhen Zhang},
    title       = {Learning Graph Structure for Multi-label Image Classification via Clique Generation},
    year        = {2015},
    month       = {},
    booktitle   = {IEEE Conference on Computer Vision and Pattern Recognition (CVPR'15)},
    address     = {},
    venue       = {CVPR},
    pages       = {},
    volume      = {},
    publisher   = {},
    note        = {},
    eprint      = {},
    url         = {},
    pdf         = {http://www.cv-foundation.org/openaccess/content_cvpr_2015/papers/Tan_Learning_Graph_Structure_2015_CVPR_paper.pdf},
    project     = {},
} 

