%%% -*-BibTeX-*-
@inproceedings{CVPR2017Gong,
  author      = {Dong Gong  and  Jie Yang  and Lingqiao Liu  and Yanning Zhang  and Ian Reid  and Chunhua Shen and Anton {van den Hengel} and Qinfeng Shi},
  title       = {From Motion Blur to Motion Flow: a Deep Learning Solution for Removing Heterogeneous Motion Blur},
  year        = {2017},
  month       = {},
  booktitle   = {IEEE Conference on Computer Vision and Pattern Recognition (CVPR'17)},
  address     = {},
  venue       = {CVPR},
  pages       = {},
  volume      = {},
  publisher   = {},
  eprint      = {1612.02583},
  url         = {},
  project     = {},
} 

