%%% -*-BibTeX-*-
@inproceedings{CVPR2017WangAttend,
  author      = {Peng Wang  and Lingqiao Liu  and Chunhua Shen  and Zi Huang  and  Anton {van den Hengel} and Heng Tao Shen},
  title       = {Multi-attention Network for One Shot Learning},
  year        = {2017},
  month       = {},
  booktitle   = {IEEE Conference on Computer Vision and Pattern Recognition (CVPR'17)},
  address     = {},
  venue       = {CVPR},
  pages       = {},
  volume      = {},
  publisher   = {},
  eprint      = {},
  pdf         = {http://openaccess.thecvf.com/content_cvpr_2017/papers/Wang_Multi-Attention_Network_for_CVPR_2017_paper.pdf},
  url         = {},
  project     = {},
} 

