%%% -*-BibTeX-*-
@inproceedings{CVPR2020Zhang3,
    author      = {Rufeng Zhang and Zhi Tian and
                   Chunhua Shen and Mingyu You and
                   Youliang Yan},
    title       = {Mask Encoding for Single Shot Instance Segmentation},
    year        = {2020},
    pages       = {},
    volume      = {},
    publisher   = {},
    eprint      = {2003.11712},
    booktitle   = {IEEE Conference on Computer Vision and Pattern Recognition (CVPR'20)},
    address     = {},
    venue       = {CVPR},
    url         = {},
    project     = {https://github.com/aim-uofa/AdelaiDet/},
} 

