%%% -*-BibTeX-*-
@inproceedings{CVPR2017Lin,
  author      = {Guosheng Lin and  Anton Milan  and Chunhua Shen  and Ian Reid},
  title       = {{RefineNet}: Multi-Path Refinement Networks for High-Resolution Semantic Segmentation},
  year        = {2017},
  month       = {},
  booktitle   = {IEEE Conference on Computer Vision and Pattern Recognition (CVPR'17)},
  address     = {},
  venue       = {CVPR},
  pages       = {},
  volume      = {},
  publisher   = {},
  eprint      = {1611.06612},
  url         = {},
  project     = {https://github.com/guosheng/refinenet},
  note        = {[https://github.com/DrSleep/light-weight-refinenet    Light-weight RefineNet with   Pytorch code]}
} 

