%%% -*-BibTeX-*-
@inproceedings{CVPR2023B,
   title    = {Learning Conditional Attributes for Compositional Zero-Shot Learning},
   author   = {Qingsheng Wang and 
               Lingqiao Liu   and  Chenchen Jing  and 
               Hao Chen and  Guoqiang Liang and Peng Wang and Chunhua Shen},
   booktitle = {IEEE Conference on Computer Vision and Pattern Recognition (CVPR'23)},
   year      = {2023},
   volume    = {},
   month     = {},
   pdf       = {},
   url       = {},
   eprint    = {},
   project   = {},
   venue     = {CVPR},
} 

