%%% -*-BibTeX-*-
@inproceedings{CVPR15h,
    author      = {Bo Li and Chunhua Shen  and Yuchao Dai and Anton  {van den Hengel} and Mingyi He},
    title       = {Depth and Surface Normal Estimation from Monocular Images Using
                   Regression on Deep Features and Hierarchical {CRFs}},
    year        = {2015},
    month       = {},
    booktitle   = {IEEE Conference on Computer Vision and Pattern Recognition (CVPR'15)},
    address     = {},
    venue       = {CVPR},
    pages       = {},
    volume      = {},
    publisher   = {},
    note        = {},
    eprint      = {},
    url         = {},
    pdf         = {http://www.cv-foundation.org/openaccess/content_cvpr_2015/papers/Li_Depth_and_Surface_2015_CVPR_paper.pdf},
    project     = {},
} 

