%%% -*-BibTeX-*-
@inproceedings{CVPR19He8,
    author      = {Tong He  and  Chunhua  Shen  and   Zhi Tian and  Dong Gong and Changming Sun and  Youliang Yan},
    title       = {Knowledge Adaptation for Efficient Semantic Segmentation},
    year        = {2019},
    pages       = {},
    volume      = {},
    publisher   = {},
    eprint      = {1903.04688},
    booktitle   = {IEEE Conference on Computer Vision and Pattern Recognition (CVPR'19)},
    address     = {},
    venue       = {CVPR},
    url         = {},
    project     = {},
} 

