%%% -*-BibTeX-*-
@inproceedings{CVPR2020BlendMask7,
    title       =  {{BlendMask}: Top-Down Meets Bottom-Up for Instance Segmentation},
    author      = {Hao Chen and Kunyang Sun  and
                   Zhi Tian and Chunhua Shen and Yongming Huang and
                   Youliang Yan},
    year        = {2020},
    pages       = {},
    volume      = {},
    publisher   = {},
    eprint      = {2001.00309},
    booktitle   = {IEEE Conference on Computer Vision and Pattern Recognition (CVPR'20)},
    address     = {},
    venue       = {CVPR},
    note      = {Oral presentation},
    url         = {},
    project     = {https://github.com/aim-uofa/AdelaiDet/},
} 

