%%% -*-BibTeX-*-
@inproceedings{CVPR19HuiLi2,
    author      = {Hui Li and Peng Wang and  Chunhua Shen and Anton {van den Hengel}},
    title       = {Visual Question Answering as Reading Comprehension},
    year        = {2019},
    pages       = {},
    volume      = {},
    publisher   = {},
    eprint      = {1811.11903},
    booktitle   = {IEEE Conference on Computer Vision and Pattern Recognition (CVPR'19)},
    address     = {},
    venue       = {CVPR},
    url         = {},
    project     = {},
} 

