%%% -*-BibTeX-*-
@inproceedings{CVPR19Tian7,
    author      = {Zhi Tian    and  Tong He  and Chunhua Shen  and  Youliang Yan},
    title       = {Decoders Matter for Semantic Segmentation: Data-Dependent Decoding Enables Flexible Feature Aggregation},
    year        = {2019},
    pages       = {},
    volume      = {},
    publisher   = {},
    eprint      = {1903.02120},
    booktitle   = {IEEE Conference on Computer Vision and Pattern Recognition (CVPR'19)},
    address     = {},
    venue       = {CVPR},
    url         = {},
    project     = {},
} 

