%%% -*-BibTeX-*-
@inproceedings{Dai2009DICTA,
   author    = {Yuchao Dai and Hongdong Li and Mingyi He and Chunhua Shen},
   title     = {Smooth Approximation of $L_\infty$-Norm for Multi-view Geometry},
   booktitle = {International Conference on Digital Image Computing - Techniques and Applications (DICTA'09)},
   year      = {2009},
   pages     = {339--346},
   volume    = {},
   address   = {Melbourne, Australia},
   month     = {December},
   publisher = {IEEE Press},
   url       = {},
   eprint    = {},
   pdf       = {},
   venue     = {DICTA},
   note      = {},
} 

