%%% -*-BibTeX-*-
@inproceedings{Dai2021CVPR8,
   author    = {Yutong Dai   and   Hao Lu   and   Chunhua Shen},
   title     = {Learning Affinity-Aware Upsampling for Deep Image Matting},
   booktitle = {IEEE Conference on Computer Vision and Pattern Recognition (CVPR'21)},
   year      = {2021},
   volume    = {},
   month     = {},
   pdf       = {},
   url       = {},
   eprint    = {2011.14288},
   project   = {},
   venue     = {CVPR},
   note      = {},
} 

