%%% -*-BibTeX-*-
@inproceedings{Dai2022Matting,
author    = {Yutong Dai and  Brian Price and He Zhang and Chunhua Shen},
title     = {Boosting Robustness of Image Matting with Context Assembling and Strong Data Augmentation},
booktitle = {IEEE Conference on Computer Vision and Pattern Recognition (CVPR'22)},
year      = {2022},
volume    = {},
month     = {},
pdf       = {},
url       = {},
eprint    = {2201.06889},
project   = {},
venue     = {CVPR},
} 

