%%% -*-BibTeX-*-
@article{Daiyt2020,
    author  = {Yutong Dai and Hao Lu and Chunhua Shen},
    title   = {Towards Light-Weight Portrait Matting via Parameter Sharing},
    journal = {Computer Graphics Forum},
    year    = {2020},
    eprint  = {},
    project = {},
    venue   = {CGF},
} 

