%%% -*-BibTeX-*-
@inproceedings{Deng2018ECCV,
    author     = {Ruoxi Deng  and  Chunhua Shen  and  Shengjun Liu  and  Huibing Wang and  Xinru Liu},
    title      = {Learning to Predict Crisp Boundaries},
    year        = {2018},
    month       = {},
    booktitle   = {European Conference on Computer Vision (ECCV'18)},
    address     = {},
    venue       = {ECCV},
    pages       = {},
    volume      = {},
    publisher   = {},
    eprint      = {1807.10097},
    url         = {},
    project     = {},
} 

