%%% -*-BibTeX-*-
@article{Depth2024Xian,
    author  = {Ke Xian and  Zhiguo Cao and  Chunhua Shen and Guosheng Lin},
    title   = {Towards robust monocular depth estimation: a new baseline and benchmark},
    journal = {International Journal of Computer Vision},
    year    = {2024},
    eprint  = {},
    url     = {},
    project = {},
    venue   = {IJCV},
}  

