%%% -*-BibTeX-*-
@article{Depth2015Liu,
    author = {Fayao Liu and Chunhua Shen  and  Guosheng Lin and Ian Reid},
    title  = {Learning Depth from Single Monocular Images Using Deep Convolutional Neural Fields},
    journal= {IEEE Transactions on Pattern Analysis and Machine Intelligence},
    volume = {},
    number = {},
    year   = {2016},
    eprint = {1502.07411},
    month  = {},
    pages  = {},
    url    = {http://dx.doi.org/10.1109/TPAMI.2015.2505283},
    venue  = {TPAMI},
    project= {http://goo.gl/rAKWrS},
    note   = {},
} 

