%%% -*-BibTeX-*-
@inproceedings{DICEPTION2025NeurIPS,
   title     = {DICEPTION: A Generalist Diffusion Model for Visual Perceptual Tasks},
   author    = {Canyu Zhao and  Yanlong Sun and Mingyu Liu and
       Huanyi Zheng and Muzhi Zhu and Zhiyue Zhao and Hao Chen and Tong He and Chunhua Shen},
   booktitle = {Advances in Neural Information Processing Systems (NeurIPS'25)},
   year      = {2025},
   volume    = {},
   month     = {December},
   pdf       = {},
   url       = {},
   eprint    = {},
   project   = {},
   venue     = {NeurIPS},
   note      = {Spotlight presentation.},
} 

