%%% -*-BibTeX-*-
@BOOK{DICTA2010,
    author    = {Jian Zhang and Chunhua Shen and Glen Geers and Qiang Wu},
    title     = {Proceedings of International Conference on Digital Image Computing: Techniques and Applications},
    publisher = {Editors, IEEE},
    year      = {2010},
    otherinfo = {Sydney, Australia},
    venue     = {book},
} 

