%%% -*-BibTeX-*-
@inproceedings{DICTA2011b,
    author      = {Lei Wang and Chunhua Shen and Richard Hartley},
    title       = {On The Optimality of Sequential Forward Feature Selection Using Class Separability Measure},
    year        = {2011},
    month       = {December},
    booktitle   = {International Conference on Digital Image Computing: Techniques and Applications (DICTA'11)},
    address     = {Queensland, Australia},
    venue       = {DICTA},
    pages       = {203--208},
    volume      = {},
    publisher   = {},
    note        = {},
    eprint      = {},
    url         = {},
} 

