%%% -*-BibTeX-*-
@inproceedings{DICTA2011a,
    author      = {Tao Wang and Xuming He and Chunhua Shen and Nick Barnes},
    title       = {Laplacian margin distribution boosting for learning from sparsely labeled data},
    year        = {2011},
    month       = {December},
    booktitle   = {International Conference on Digital Image Computing: Techniques and Applications (DICTA'11)},
    address     = {Queensland, Australia},
    venue       = {DICTA},
    pages       = {209--216},
    volume      = {},
    publisher   = {},
    note        = {},
    eprint      = {},
    url         = {},
} 

