%%% -*-BibTeX-*-
@inproceedings{DiffuMask2023ICCV,
   author    = {Weijia Wu  and  Yuzhong Zhao  and  Mike Zheng Shou  and  Hong Zhou  and  Chunhua Shen},
   title     = {Diffumask: Synthesizing images with pixel-level annotations for semantic segmentation using diffusion models},
   booktitle = {IEEE International Conference on Computer Vision (ICCV'23)},
   year      = {2023},
   volume    = {},
   month     = {},
   pdf       = {},
   url       = {},
   eprint    = {2303.11681},
   project   = {},
   venue     = {ICCV},
} 

