%%% -*-BibTeX-*-
@inproceedings{Ding2022Catching,
author    = {Choubo Ding and  Guansong Pan and Chunhua Shen},
title     = {Catching Both Gray and Black Swans: Open-set Supervised Anomaly Detection},
booktitle = {IEEE Conference on Computer Vision and Pattern Recognition (CVPR'22},
year      = {2022},
volume    = {},
month     = {},
pdf       = {},
url       = {},
eprint    = {},
project   = {},
venue     = {CVPR},
} 

