%%% -*-BibTeX-*-
@inproceedings{DingCVPR2024,
   title    = {{FreeCustom}: Tuning-Free Customized Image Generation for Multi-Concept Composition},
   author   = {Ganggui Ding and Canyu Zhao and  Wen Wang and Zhen Yang and Zide Liu and Hao Chen and Chunhua Shen},
   booktitle = {IEEE Conference on Computer Vision and Pattern Recognition (CVPR'24)},
   year      = {2024},
   volume    = {},
   month     = {},
   pdf       = {},
   url       = {},
   eprint    = {},
   project   = {},
   venue     = {CVPR},
}  

