%%% -*-BibTeX-*-
@inproceedings{DNRD2021Zhang,
   author    = {Bowen Zhang and Yifan Liu and Zhi Tian and Chunhua Shen},
   title     = {Dynamic Neural Representational Decoders for High-Resolution Semantic Segmentation},
   booktitle = {Advances in Neural Information Processing Systems (NeurIPS'21)},
   year      = {2021},
   volume    = {},
   month     = {December},
   pdf       = {},
   url       = {},
   eprint    = {2107.14428},
   project   = {},
   venue     = {NeurIPS},
} 

