%%% -*-BibTeX-*-
@article{Dong2020segmentation,
    author  = {Genshun Dong
               and Yan Yan
               and  Chunhua Shen
               and Hanzi Wang},
    title   = {Real-time high-performance semantic image segmentation of urban street scenes},
    journal = {IEEE Transactions on Intelligent Transportation Systems},
    year    = {2020},
    eprint  = {},
    url     = {},
    venue   = {T-ITS},
} 

