%%% -*-BibTeX-*-
@article{Dual2010Shen,
   author   = {Chunhua Shen and Hanxi Li},
   title    = {On the Dual Formulation of Boosting Algorithms},
   journal  = {IEEE Transactions on Pattern Analysis and Machine Intelligence},
   volume   = {32},
   number   = {12},
   year     = {2010},
   month    = {},
   pages    = {2216--2231},
   publisher= {},
   url      = {http://dx.doi.org/10.1109/TPAMI.2010.47},
   eprint   = {0901.3590},
   venue    = {TPAMI},
} 

