%%% -*-BibTeX-*-
@inproceedings{ECCV14Lin,
    author      = {Guosheng Lin and Chunhua Shen and Jianxin Wu},
    title       = {Optimizing Ranking Measures for Compact Binary Code Learning},
    year        = {2014},
    month       = {},
    booktitle   = {European Conference on Computer Vision (ECCV'14)},
    address     = {Zurich},
    venue       = {ECCV},
    pages       = {},
    volume      = {},
    publisher   = {},
    note        = {},
    eprint      = {1407.1151},
    url         = {},
    pdf         = {},
    project     = {https://bitbucket.org/guosheng/structhash},
} 

