%%% -*-BibTeX-*-
@inproceedings{ECCV12,
    author      = {Rui Yao and Qinfeng Shi and Chunhua Shen and Yanning Zhang and Anton {van den Hengel} },
    title       = {Robust Tracking with Weighted Online Structured Learning},
    year        = {2012},
    month       = {},
    booktitle   = {European Conference on Computer Vision (ECCV'12)},
    address     = {},
    venue       = {ECCV},
    pages       = {158--172},
    volume      = {7574},
    publisher   = {LNCS, Springer},
    note        = {},
    eprint      = {},
    url         = {},
    pdf         = {https://sites.google.com/site/chhshen/publication/weighted_tracking_eccv12.pdf?attredirects=1}
} 

