%%% -*-BibTeX-*-
@inproceedings{ECCV16Li,
    author      = {Yao Li and Lingqiao Liu and Chunhua Shen and Anton {van den Hengel}},
    title       = {Image Co-localization by Mimicking a Good Detector's Confidence Score Distribution},
    year        = {2016},
    month       = {},
    booktitle   = {European Conference on Computer Vision (ECCV'16)},
    address     = {},
    venue       = {ECCV},
    pages       = {},
    volume      = {},
    publisher   = {},
    eprint      = {1603.04619},
    url         = {},
    project     = {},
} 

