%%% -*-BibTeX-*-
@inproceedings{ECCV14Paul,
    author      = {Sakrapee Paisitkriangkrai and Chunhua Shen and Anton {van den Hengel}},
    title       = {Strengthening the Effectiveness of Pedestrian Detection with Spatially Pooled Features},
    year        = {2014},
    month       = {},
    booktitle   = {European Conference on Computer Vision (ECCV'14)},
    address     = {Zurich},
    venue       = {ECCV},
    pages       = {},
    volume      = {},
    publisher   = {},
    note        = {},
    eprint      = {1407.0786},
    url         = {},
    pdf         = {},
    project     = {https://github.com/chhshen/pedestrian-detection},
} 

