%%% -*-BibTeX-*-
@inproceedings{ECCV16hyperspectral,
    author      = {Lei Zhang and Wei Wei and Yanning Zhang and Chunhua Shen  and Anton {van den Hengel}  and Qinfeng Shi},
    title       = {Cluster Sparsity Field for Hyperspectral Imagery Denoising},
    year        = {2016},
    month       = {},
    booktitle   = {European Conference on Computer Vision (ECCV'16)},
    address     = {},
    venue       = {ECCV},
    pages       = {},
    volume      = {},
    publisher   = {},
    eprint      = {},
    url         = {},
    project     = {},
} 

