%%% -*-BibTeX-*-
@inproceedings{Enhanced2006Nguyen,
   author    = {Quang Nguyen and Antonio Robles-Kelly and Chunhua Shen},
   title     = {Enhanced kernel-based tracking for monochromatic and thermographic video},
   booktitle = {IEEE International Conference on Advanced Video and Signal based Surveillance (AVSS'06)},
   year      = {2006},
   pages     = {28--33},
   volume    = {},
   address   = {Sydney, Australia},
   publisher = {IEEE Computer Society},
   month     = {November},
   url       = {http://dx.doi.org/10.1109/AVSS.2006.47},
   pdf       = {},
   venue     = {AVSS},
} 

