%%% -*-BibTeX-*-
@inproceedings{Experimental2007Paul,
   author    = {Sakrapee Paisitkriangkrai and Chunhua Shen and Jian Zhang},
   title     = {An Experimental Evaluation of Local Features for Pedestrian Classification},
   booktitle = {International Conference on Digital Image Computing - Techniques and Applications (DICTA'07)},
   year      = {2007},
   pages     = {53--60},
   volume    = {},
   address   = {Adelaide, Australia},
   month     = {December},
   publisher = {IEEE Press},
   postscript= {},
   pdf       = {},
   url       = {http://dx.doi.org/10.1109/DICTA.2007.4426775},
   note      = {Best Paper Award.},
   venue     = {DICTA},
} 

