%%% -*-BibTeX-*-
@article{Face2016Li,
    author = {Hanxi Li and Fumin Shen and Chunhua Shen  and Yang Yang and Yongsheng Gao},
    title  = {Face Recognition Using Linear Representation Ensembles},
    journal= {Pattern Recognition},
    volume = {},
    number = {},
    year   = {2016},
    url    = {http://dx.doi.org/10.1016/j.patcog.2015.12.011},
    month  = {},
    pages  = {},
    eprint = {1110.0264},
    venue  = {PR},
    project= {},
    note   = {},
} 

