%%% -*-BibTeX-*-
@inproceedings{Face2008Shen,
   author    = {Chunhua Shen and Sakrapee Paisitkriangkrai and Jian Zhang},
   title     = {Face Detection From Few Training Examples},
   booktitle = {IEEE International Conference on Image Processing (ICIP'08)},
   year      = {2008},
   pages     = {2764--2767},
   volume    = {},
   address   = {San Diego, California, USA},
   month     = {October},
   publisher = {IEEE Press},
   url       = {http://dx.doi.org/10.1109/ICIP.2008.4712367},
   pdf       = {},
   venue     = {ICIP}
} 

