%%% -*-BibTeX-*-
@inproceedings{Face2010Li,
   author    = {Hanxi Li and Peng Wang and Chunhua Shen},
   title     = {Robust Face Recognition via Accurate Face Alignment and Sparse Representation},
   booktitle = {International Conference on on Digital Image Computing: Techniques and Applications (DICTA'10)},
   year      = {2010},
   pages     = {262--269},
   volume    = {},
   address   = {Sydney, Australia},
   month     = {December},
   publisher = {IEEE Press},
   url       = {},
   pdf       = {},
   venue     = {DICTA}
} 

