%%% -*-BibTeX-*-
@inproceedings{FanCVPR2024,
   title    = {{DiverGen}: Improving Instance Segmentation by Learning Wider Data Distribution with More Diverse Generative Data},
   author   = {Chengxiang Fan and  Muzhi Zhu and Hao Chen and Yang Liu and Weijia Wu and Huaqi Zhang and Chunhua Shen},
   booktitle = {IEEE Conference on Computer Vision and Pattern Recognition (CVPR'24)},
   year      = {2024},
   volume    = {},
   month     = {},
   pdf       = {},
   url       = {},
   eprint    = {},
   project   = {},
   venue     = {CVPR},
}  

