%%% -*-BibTeX-*-
@inproceedings{Fast2008Wang,
   author    = {Lei Wang and Luping Zhou and Chunhua Shen},
   title     = {A Fast Algorithm for Creating a Compact and Discriminative Visual Codebook},
   booktitle = {European Conference on Computer Vision (ECCV'08)},
   year      = {2008},
   pages     = {719--732},
   volume    = {4},
   address   = {Marseille, France},
   month     = {October},
   publisher = {Lecture Notes in Computer Science (LNCS) 5305, Springer-Verlag},
   url       = {http://dx.doi.org/10.1007/978-3-540-88693-8_53},
   venue     = {ECCV},
   pdf       = {http://sites.google.com/site/chhshen/publication/ECCV2008Wang.pdf?attredirects=1},
} 

