%%% -*-BibTeX-*-
@article{Fast2007Shen,
   author    = {Chunhua Shen and Michael J. Brooks and Anton {van den Hengel}},
   title     = {Fast global kernel density mode seeking: applications to localization and tracking},
   journal   = {IEEE Transactions on Image Processing},
   volume    = {16},
   number    = {5},
   year      = {2007},
   month     = {May},
   pages     = {1457--1469},
   pdf       = {http://sites.google.com/site/chhshen/publication/TIP2007Shen.pdf},
   url       = {http://dx.doi.org/10.1109/TIP.2007.894233},
   venue     = {TIP},
} 

