%%% -*-BibTeX-*-
@article{FastHash2015Lin,

    author = {Guosheng Lin and Chunhua Shen and Anton {van den Hengel}},
    title  = {Supervised Hashing Using Graph Cuts and Boosted Decision Trees},
    journal= {IEEE Transactions on Pattern Analysis and Machine Intelligence},
    volume = {37},
    number = {11},
    year   = {2015},
    url    = {http://dx.doi.org/10.1109/TPAMI.2015.2404776},
    month  = {},
    pages  = {2317--2331},
    eprint = {1408.5574},
    venue  = {TPAMI},
    project= {https://bitbucket.org/chhshen/fasthash/},
    note   = {},
} 

