%%% -*-BibTeX-*-
@article{Fayao2019PAMI,
    author  = {Guosheng Lin and Fayao Liu and Anton Milan and Chunhua Shen  and Ian Reid},
    title   = {{RefineNet}: Multi-Path Refinement Networks for Dense Prediction},
    journal = {IEEE Transactions on Pattern Analysis and Machine Intelligence},
    year    = {2019},
    eprint  = {},
    project = {https://github.com/guosheng/refinenet},
    venue   = {TPAMI},
    url     = {https://doi.org/10.1109/TPAMI.2019.2893630},
    note    = {Pytorch code is [https://github.com/DrSleep/refinenet-pytorch here]}
} 

