%%% -*-BibTeX-*-
@inproceedings{FCOS2019Tian,
    author      = {Zhi Tian and  Chunhua Shen  and Hao Chen and Tong He},
    title       = {{FCOS}: Fully Convolutional One-Stage Object Detection},
    year        = {2019},
    pages       = {},
    volume      = {},
    publisher   = {},
    eprint      = {1904.01355},
    booktitle   = {IEEE International Conference on Computer Vision (ICCV'19)},
    address     = {},
    venue       = {ICCV},
    url         = {},
    project     = {https://tinyurl.com/FCOSv1},
} 

