%%% -*-BibTeX-*-
@article{FisherBoost2013IJCV,
    author = {Chunhua Shen and Peng Wang and  Sakrapee Paisitkriangkrai  and Anton {van den Hengel}},
    title  = {Training Effective Node Classifiers for Cascade Classification},
    journal= {International Journal of Computer Vision},
    volume = {103},
    number = {3},
    year   = {2013},
    month  = {July},
    pages  = {326--347},
    eprint = {1301.2032},
    url    = {http://link.springer.com/article/10.1007%2Fs11263-013-0608-1},
    venue  = {IJCV},
    note   = {},
} 

