%%% -*-BibTeX-*-
@inproceedings{FoPro2023AAAI,
   author    = {Yulei Qin and Xinyu Chen and Chao Chen  and 
                Yunhang Shen and Bo Ren and Yun Gu and Jie Yang and  Chunhua Shen},
   title     = {{FoPro}: Few-Shot Guided Robust Webly-Supervised Prototypical Learning},
   booktitle = {AAAI Conference on Artificial Intelligence (AAAI'23)},
   year      = {2023},
   volume    = {},
   month     = {},
   pdf       = {},
   url       = {},
   eprint    = {},
   project   = {},
   venue     = {AAAI},
} 

