%%% -*-BibTeX-*-
@inproceedings{FreeCompose2024ECCV,
    title       = {{FreeCompose}: Generic Zero-Shot Image Composition with Diffusion Prior},
    author      = {Zhekai Chen and Wen Wang and Zhen Yang and Zeqing Yuan and Hao Chen and Chunhua Shen},
    year        = {2024},
    pages       = {},
    volume      = {},
    publisher   = {},
    eprint      = {},
    booktitle   = {European Conference on Computer Vision (ECCV'24)},
    address     = {},
    venue       = {ECCV},
    url         = {},
    project     = {https://github.com/aim-uofa/FreeCompose},
    note        = {},
} 

