%%% -*-BibTeX-*-
@inproceedings{Gao2022CLIP,
   author    = {Yuting Gao and Jinfeng Liu and Zihan Xu and 
                Jun Zhang and  Ke Li and  Rongrong Ji  and  Chunhua Shen},
   title     = {{PyramidCLIP}: Hierarchical Feature Alignment for Vision-language Model Pretraining},
   booktitle = {Advances in Neural Information Processing Systems (NeurIPS'22)},
   year      = {2022},
   volume    = {},
   month     = {December},
   pdf       = {},
   url       = {},
   eprint    = {},
   project   = {},
   venue     = {NeurIPS},
} 

