%%% -*-BibTeX-*-
@inproceedings{Gao2022DisCO,
    title       = {{DisCo}: Remedying Self-supervised Learning on Lightweight Models with Distilled Contrastive Learning},
    author      = {Yuting Gao and Jia-Xin Zhuang and Shaohui Lin and 
                   Hao Cheng and  Xing Sun and  Ke Li and Chunhua Shen},
    year        = {2022},
    pages       = {},
    volume      = {},
    publisher   = {},
    eprint      = {},
    booktitle   = {European Conference on Computer Vision (ECCV'22)},
    address     = {},
    venue       = {ECCV},
    url         = {},
    project     = {https://github.com/Yuting-Gao/DisCo-pytorch},
    note        = {Oral presentation},
} 

