%%% -*-BibTeX-*-
@article{Ge2025TPAMI, 
    author   = {Yongtao Ge and Wenjia Wang and Yongfan Chen and Fanzhou Wang and Lei Yang and Hao Chen and Chunhua Shen},
    title    = {Diffusion Models are Efficient Data Generators for Human Mesh Recovery},
    journal  = {IEEE Transactions on Pattern Analysis and Machine Intelligence},
    year     = {2025},
    volume   = {},
    month    = {},
    pdf      = {},
    url      = {},
    eprint   = {},
    venue    = {TPAMI},
} 

