%%% -*-BibTeX-*-
@article{Generalized2010Shen,
   author   = {Chunhua Shen and Junae Kim and Hanzi Wang},
   title    = {Generalized Kernel-based Visual Tracking},
   journal  = {IEEE Transactions on Circuits and Systems for Video Technology},
   volume   = {20},
   number   = {1},
   year     = {2010},
   month    = {January},
   pages    = {119--130},
   publisher= {},
   url      = {http://dx.doi.org/10.1109/TCSVT.2009.2031393},
   pdf      = {http://sites.google.com/site/chhshen/publication/TCSVT2010.pdf},
   eprint    = {0905.2463},
   venue    = {TCSVT},
   project  = {https://github.com/chhshen/KernelTracking},
} 

