%%% -*-BibTeX-*-
@article{Gong2020TNNLS,
    author  = {Dong Gong and Zhen Zhang and
      Qinfeng Shi and  Anton {van den Hengel} and
       Chunhua Shen and Yanning Zhang},
    title   = {Learning Deep Gradient Descent Optimization for
Image Deconvolution},
    journal = {IEEE Transactions on Neural Networks and Learning Systems},
    year    = {2020},
    eprint  = {1804.03368},
    url     = {},
    venue   = {TNN},
} 

