%%% -*-BibTeX-*-
@article{GSLDA2010Shen,
    author = {Chunhua Shen and Sakrapee Paisitkriangkrai and Jian Zhang},
    title  = {Efficiently Learning a Detection Cascade with Sparse Eigenvectors},
    journal= {IEEE Transactions on Image Processing},
    volume = {20},
    number = {1},
    year   = {2011},
    month  = {},
    pages  = {22--35},
    eprint = {0903.3103},
    url    = {http://dx.doi.org/10.1109/TIP.2010.2055880},
    venue  = {TIP},
    note   = {},
} 

