%%% -*-BibTeX-*-
@article{Guo2018TMM,
    author = {Guanjun Guo and Hanzi Wang  and  Chunhua Shen  and Yan Yan and Hong-Yuan Liao},
    title  = {Automatic image cropping for visual aesthetic enhancement using deep neural networks and cascaded regression},
    journal= {IEEE Transactions on Multimedia},
    year   = {2018},
    eprint = {1712.09048},
    venue  = {TMM},
} 

