%%% -*-BibTeX-*-
@inproceedings{Guo2021CVPR14,
   author    = {Dongyan Guo  and Yanyan Shao  and
                Ying Cui  and  Zhenhua Wang  and  Liyan Zhang  and  Chunhua Shen},
   title     = {Graph Attention Tracking},
   booktitle = {IEEE Conference on Computer Vision and Pattern Recognition (CVPR'21)},
   year      = {2021},
   volume    = {},
   month     = {},
   pdf       = {},
   url       = {},
   eprint    = {2011.11204},
   project   = {https://git.io/SiamGAT},
   venue     = {CVPR},
   note      = {},
} 

