%%% -*-BibTeX-*-
@inproceedings{Hao2010ACCV,
    author      = {Zhihui Hao and Chunhua Shen and Nick Barnes and Bo Wang},
    title       = {Totally-corrective Multi-class Boosting},
    year        = {2010},
    month       = {November},
    booktitle   = {Asian Conference on Computer Vision (ACCV'10)},
    address     = {New Zealand},
    venue       = {ACCV},
    pages       = {269-280},
    volume      = {6495},
    publisher   = {Lecture Notes in Computer Science (LNCS), Springer-Verlag},
    note        = {},
    eprint      = {},
    url         = {},
} 

