%%% -*-BibTeX-*-
@article{Haokui2021NAS,
    author  = {Haokui Zhang and  Ying Li  and  Hao Chen and  Chengrong Gong and  Zongwen Bai and  Chunhua Shen},
    title   = {Memory-Efficient Hierarchical Neural Architecture Search for Image Restoration},
    journal = {International Journal of Computer Vision},
    year    = {2021},
    eprint  = {2012.13212},
    project = {https://github.com/hkzhang91/HiNAS},
    venue   = {IJCV},
} 

