%%% -*-BibTeX-*-
@article{Harandi2015IJCV,
    author = {Mehrtash Harandi and Richard Hartley and Chunhua Shen and Brian Lovell and Conrad Sanderson},
    title  = {Extrinsic Methods for Coding and Dictionary Learning on {G}rassmann Manifolds},
    journal= {International Journal of Computer Vision},
    volume = {114},
    number = {2},
    year   = {2015},
    url    = {},
    month  = {},
    pages  = {113--136},
    eprint = {1401.8126},
    venue  = {IJCV},
    project= {https://github.com/chhshen/Grassmann/},
    note   = {},
} 

