%%% -*-BibTeX-*-
@article{Hashing2015Shen,
    author = {Fumin Shen and Chunhua Shen and Qinfeng Shi and Anton {van den Hengel} and Zhenmin Tang and Heng Tao Shen},
    title  = {Hashing on Nonlinear Manifolds},
    journal= {IEEE Transactions on Image Processing},
    volume = {24},
    number = {6},
    year   = {2015},
    url    = {},
    month  = {},
    pages  = {1839--1851},
    eprint = {1412.0826},
    venue  = {TIP},
    note   = {},
    project= {https://github.com/chhshen/Hashing-on-Nonlinear-Manifolds},
} 

