%%% -*-BibTeX-*-
@inproceedings{He2020InstanceAware,
    title       = {Instance-Aware Embedding for Point Cloud Instance Segmentation},
    author      = {Tong He and  Yifan Liu and  Chunhua Shen and Xinlong Wang and Changming Sun},
    year        = {2020},
    pages       = {},
    volume      = {},
    publisher   = {},
    eprint      = {},
    booktitle   = {European Conference on Computer Vision (ECCV'20)},
    address     = {},
    venue       = {ECCV},
    url         = {},
    project     = {},
    note        = {},
} 

