%%% -*-BibTeX-*-
@inproceedings{He2021CVPR7,
   author    = {Tong He and  Chunhua Shen and Anton {van den Hengel}},
   title     = {{DyCo3D}: Robust Instance Segmentation of 3D Point Clouds through Dynamic Convolution},
   booktitle = {IEEE Conference on Computer Vision and Pattern Recognition (CVPR'21)},
   year      = {2021},
   volume    = {},
   month     = {},
   pdf       = {},
   url       = {},
   eprint    = {2011.13328},
   project   = {https://git.io/DyCo3D},
   venue     = {CVPR},
   note      = {},
} 

