%%% -*-BibTeX-*-
@inproceedings{He2018CVPR,
    title      = {An end-to-end TextSpotter with Explicit Alignment and Attention},
    author       = {Tong He and Zhi Tian and Weilin Huang and Chunhua Shen and  Yu Qiao and Changming Sun},
    year        = {2018},
    month       = {},
    booktitle   = {IEEE Conference on Computer Vision and Pattern Recognition (CVPR'18)},
    address     = {},
    venue       = {CVPR},
    pages       = {},
    volume      = {},
    publisher   = {},
    eprint      = {1803.03474},
    url         = {},
    project     = {https://github.com/tonghe90/textspotter},
} 

