%%% -*-BibTeX-*-
@inproceedings{He2020PC1,
    title       = {Learning and Memorizing Representative Prototypes for {3D} Point Cloud Semantic and Instance Segmentation},
    author      = {Tong He  and  Dong Gong  and  Zhi Tian  and  Chunhua Shen},
    year        = {2020},
    pages       = {},
    volume      = {},
    publisher   = {},
    eprint      = {},
    booktitle   = {European Conference on Computer Vision (ECCV'20)},
    address     = {},
    venue       = {ECCV},
    url         = {},
    project     = {},
    note        = {},
} 

