%%% -*-BibTeX-*-
@article{HLiu2018TPAMI,
    title  = {Ordinal Constraint Binary Coding for Approximate Nearest Neighbor Search},
    author = {Hong Liu and  Rongrong Ji and Jingdong Wang   and  Chunhua Shen},
    journal= {IEEE Transactions on Pattern Analysis and Machine Intelligence},
    year   = {2018},
    eprint = {},
    venue  = {TPAMI},
    pdf    = {https://www.researchgate.net/publication/324053386_Ordinal_Constraint_Binary_Coding_for_Approximate_Nearest_Neighbor_Search},
} 

