%%% -*-BibTeX-*-
@article{hu2024metric3dv2,
  author  =  {Hu, Mu and Yin, Wei, and Zhang, Chi and Cai, Zhipeng and Long, Xiaoxiao and Chen, Hao, and Wang, Kaixuan and Yu, Gang and Shen, Chunhua and Shen, Shaojie},
  title   =  {A Versatile Monocular Geometric Foundation Model for Zero-shot Metric Depth and Surface Normal Estimation},
  journal =  {IEEE Transactions on Pattern Analysis and Machine Intelligence},
  eprint  =  {2404.15506},
  year    =  {2024},
  venue   =  {TPAMI},
  project =  {https://jugghm.github.io/Metric3Dv2/},
} 

