%%% -*-BibTeX-*-
@article{Hu2015T-ITS,
    author = {Qichang Hu and Sakrapee Paisitkriangkrai  and Chunhua Shen  and Anton {van den Hengel} and  Fatih Porikli},
    title  = {Fast Detection of Multiple Objects in Traffic Scenes with a Common Detection Framework},
    journal= {IEEE Transactions on Intelligent Transportation Systems},
    volume = {17},
    number = {4},
    year   = {2016},
    url    = {},
    month  = {},
    pages  = {1002--1014},
    venue  = {T-ITS},
    project= {},
    note   = {},
} 

