%%% -*-BibTeX-*-
@inproceedings{Human2010,
   author    = {Weihong Wang and Jian Zhang and Chunhua Shen},
   title     = {Improved Human Detection and Classification in Thermal Images},
   booktitle = {IEEE International Conference on Image Processing (ICIP'10)},
   year      = {2010},
   pages     = {2313--2316},
   volume    = {},
   address   = {Hong Kong},
   month     = {October},
   publisher = {IEEE Press},
   url       = {},
   pdf       = {},
   venue     = {ICIP}
} 

