%%% -*-BibTeX-*-
@article{Human2008Paul,
   author   = {Sakrapee Paisitkriangkrai and Chunhua Shen and Jian Zhang},
   title    = {Fast Pedestrian Detection Using a Cascade of Boosted Covariance Features},
   journal  = {IEEE Transactions on Circuits and Systems for Video Technology},
   volume   = {18},
   number   = {8},
   year     = {2008},
   month    = {August},
   pages    = {1140--1151},
   publisher= {},
   url      = {http://dx.doi.org/10.1109/TCSVT.2008.928213},
   pdf      = {http://goo.gl/lgpDJB},
   venue    = {TCSVT},
} 

