%%% -*-BibTeX-*-
@inproceedings{ICASSP2018Dong,
    author      = {Lian-Feng Dong  and   Yuan-Zhu Gan  and  Xiao-Liao Mao  and  Yu-Bin Yang and  Chunhua Shen},
    title       = {Learning Deep Representations Using Convolutional Auto-Encoders with Symmetric Skip Connections},
    year        = {2018},
    pages       = {},
    volume      = {},
    publisher   = {},
    eprint      = {1611.09119},
    booktitle   = {IEEE International Conference on Acoustics, Speech and Signal Processing (ICASSP'18)},
    address     = {},
    venue       = {ICASSP},
    url         = {},
    project     = {},
} 

