%%% -*-BibTeX-*-
@inproceedings{ICCV15Zhang,
    author      = {Lei Zhang and  Wei Wei  and  Yanning  Zhang and Fei Li  and Chunhua Shen and Qinfeng Shi},
    title       = {Hyperspectral Compressive Sensing Using Manifold-Structured Sparsity Prior},
    year        = {2015},
    month       = {},
    booktitle   = {IEEE International Conference on Computer Vision (ICCV'15)},
    address     = {},
    venue       = {ICCV},
    pdf         = {http://www.cv-foundation.org/openaccess/content_iccv_2015/papers/Zhang_Hyperspectral_Compressive_Sensing_ICCV_2015_paper.pdf},
    pages       = {},
    volume      = {},
    publisher   = {},
    eprint      = {},
    url         = {},
    project     = {},
} 

