%%% -*-BibTeX-*-
@inproceedings{ICCV2017Zhuang,
    author      = {Bohan Zhuang  and  Lingqiao Liu  and Chunhua Shen  and Ian Reid},
    title       = {Towards Context-aware Interaction Recognition},
    year        = {2017},
    month       = {},
    booktitle   = {IEEE International  Conference on Computer Vision (ICCV'17)},
    address     = {},
    venue       = {ICCV},
    pages       = {},
    volume      = {},
    publisher   = {},
    eprint      = {1703.06246},
    url         = {},
    project     = {},
} 

