%%% -*-BibTeX-*-
@inproceedings{ICCV2017WeiLiu,
    author      = {Wei Liu and Xiaogang Chen and Chuanhua Shen  and  Zhi Liu  and Jie Yang},
    title       = {Semi-Global Weighted Least Squares in Image Filtering},
    year        = {2017},
    month       = {},
    booktitle   = {IEEE International  Conference on Computer Vision (ICCV'17)},
    address     = {},
    venue       = {ICCV},
    pages       = {},
    volume      = {},
    publisher   = {},
    eprint      = {1705.01674},
    url         = {},
    project     = {},
} 

