%%% -*-BibTeX-*-
@inproceedings{ICCV2017Chen,
    author      = {Yu Chen  and  Chunhua Shen  and Xiu-Shen Wei  and Lingqiao Liu  and Jian Yang},
    title       = {Adversarial {PoseNet}: A Structure-aware Convolutional Network for Human Pose Estimation},
    year        = {2017},
    month       = {},
    booktitle   = {IEEE International  Conference on Computer Vision (ICCV'17)},
    address     = {},
    venue       = {ICCV},
    pages       = {},
    volume      = {},
    publisher   = {},
    eprint      = {1705.00389},
    url         = {},
    project     = {},
} 

