%%% -*-BibTeX-*-
@inproceedings{ICCV2017Haolu,
    author      = {Hao Lu and Lei Zhang and  Zhiguo Cao and Wei Wei and Ke Xian and Chunhua Shen and Anton {van den Hengel}},
    title       = {When Unsupervised Domain Adaptation Meets Tensor Representations},
    year        = {2017},
    month       = {},
    booktitle   = {IEEE International  Conference on Computer Vision (ICCV'17)},
    address     = {},
    venue       = {ICCV},
    pages       = {},
    volume      = {},
    publisher   = {},
    eprint      = {},
    url         = {},
    project     = {},
} 

