%%% -*-BibTeX-*-
@inproceedings{ICCV2017HuiLi,
    author      = {Hui Li and Peng Wang and Chunhua Shen},
    title       = {Towards End-to-end Text Spotting with Convolutional Recurrent Neural Networks},
    year        = {2017},
    month       = {},
    booktitle   = {IEEE International  Conference on Computer Vision (ICCV'17)},
    address     = {},
    venue       = {ICCV},
    pages       = {},
    volume      = {},
    publisher   = {},
    eprint      = {1707.03985},
    url         = {},
    project     = {},
} 

