%%% -*-BibTeX-*-
@inproceedings{ICCV2011,
    author      = {Xi Li and Anthony Dick and Hanzi Wang and Chunhua Shen and Anton van den Hengel},
    title       = {Graph mode-based contextual kernels for robust {SVM} tracking},
    year        = {2011},
    month       = {},
    booktitle   = {IEEE International Conference on Computer Vision (ICCV'11)},
    address     = {},
    venue       = {ICCV},
    pages       = {1156--1163},
    volume      = {},
    publisher   = {},
    note        = {},
    eprint      = {},
    pdf         = {http://goo.gl/GzpBVb},
} 

