%%% -*-BibTeX-*-
@inproceedings{ICIP13bShen,
    author      = {Yao Li and Chunhua Shen and Wenjing Jia and Anton {van den Hengel}},
    title       = {Leveraging surrounding context for scene text detection},
    year        = {2013},
    month       = {},
    booktitle   = {IEEE Conference on Image Processing (ICIP'13)},
    address     = {Melbourne, Australia},
    venue       = {ICIP},
    pages       = {},
    volume      = {},
    publisher   = {},
    note        = {},
    eprint      = {},
    url         = {},
    pdf         = {},
    project     = {}
} 

