%%% -*-BibTeX-*-
@inproceedings{ICIP13aShen,
    author      = {Guosheng Lin and Chunhua Shen and  Anton {van den Hengel}},
    title       = {Approximate constraint generation for efficient structured boosting},
    year        = {2013},
    month       = {},
    booktitle   = {IEEE Conference on Image Processing (ICIP'13)},
    address     = {Melbourne, Australia},
    venue       = {ICIP},
    pages       = {},
    volume      = {},
    publisher   = {},
    note        = {},
    eprint      = {},
    url         = {},
    pdf         = {},
    project     = {}
} 

