%%% -*-BibTeX-*-
@inproceedings{ICIP13cShen,
    author      = {Chao Zhang and John Bastian and Chunhua Shen and
        Anton {van den Hengel} and Tingzhi Shen},
    title       = {Extended depth-of-field via focus stacking and graph cuts},
    year        = {2013},
    month       = {},
    booktitle   = {IEEE Conference on Image Processing (ICIP'13)},
    address     = {Melbourne, Australia},
    venue       = {ICIP},
    pages       = {},
    volume      = {},
    publisher   = {},
    note        = {},
    eprint      = {},
    url         = {},
    project     = {}
} 

