%%% -*-BibTeX-*-
@inproceedings{ICML13a,
    author      = {Xi Li and Guosheng Lin and Chunhua Shen and Anton
        {van den Hengel} and Anthony Dick},
    title       = {Learning Hash Functions Using Column Generation},
    year        = {2013},
    month       = {},
    booktitle   = {International Conference on Machine Learning (ICML'13)},
    address     = {Atlanta, USA},
    venue       = {ICML},
    pages       = {},
    volume      = {},
    publisher   = {},
    note        = {Oral presentation},
    eprint      = {1303.0339},
    url         = {},
    project     = {https://bitbucket.org/guosheng/column-generation-hashing/},
    pdf         = {http://jmlr.csail.mit.edu/proceedings/papers/v28/li13a.pdf}
} 

