%%% -*-BibTeX-*-
@inproceedings{ICML12,
    author      = {Qinfeng Shi and  Chunhua Shen and Rhys Hill and Anton van den Hengel},
    title       = {Is margin preserved after random projection?},
    year        = {2012},
    month       = {},
    booktitle   = {International  Conference on Machine Learning (ICML'12)},
    address     = {},
    venue       = {ICML},
    pages       = {},
    volume      = {},
    publisher   = {},
    note        = {This work provides an analysis of margin distortion
                   under random projections, the conditions under which margins
                   are preserved, and presents bounds on the margin
                   distortion.},
    eprint      = {1206.4651},
    url         = {http://hdl.handle.net/2440/71063},
} 

