%%% -*-BibTeX-*-
@inproceedings{ICRA19Nekrasov,
    author      = {Vladimir Nekrasov and Thanuja Dharmasiri and Andrew Spek and Tom Drummond and Chunhua Shen and Ian Reid},
    title       = {Real-Time Joint Semantic Segmentation and Depth Estimation Using Asymmetric Annotations},
    year        = {2019},
    pages       = {},
    volume      = {},
    publisher   = {},
    eprint      = {},
    booktitle   = {International Conference on Robotics and Automation (ICRA'19)},
    address     = {},
    venue       = {ICRA},
    url         = {},
    project     = {},
} 

