%%% -*-BibTeX-*-
@inproceedings{ICRA2017Chen,
    author      = {Zetao Chen and
                   Adam Jacobson and Niko Sunderhauf  and Ben Upcroft and
                    Lingqiao Liu and Chunhua Shen and Ian Reid and Michael Milford},
    title       = {Deep Learning Features at Scale for Visual Place Recognition},
    year        = {2017},
    month       = {},
    booktitle   = {IEEE International  Conference on Robotics and Automation (ICRA'17)},
    address     = {},
    venue       = {ICRA},
    pages       = {},
    volume      = {},
    publisher   = {},
    eprint      = {1701.05105},
    url         = {},
    project     = {},
} 

