%%% -*-BibTeX-*-
@inproceedings{IJCAI2017Tong,
          author      = {Tong Shen and Guosheng Lin  and  Chunhua Shen  and  Ian Reid},
          title       = {Learning Multi-level Region Consistency with Dense Multi-label Networks for Semantic Segmentation},
          year        = {2017},
          month       = {},
          booktitle   = {International Joint Conference on Artificial Intelligence (IJCAI'17)},
          address     = {},
          venue       = {IJCAI},
          pages       = {},
          volume      = {},
          publisher   = {},
          eprint      = {1701.07122},
          url         = {},
          project     = {},
} 

