%%% -*-BibTeX-*-
@inproceedings{IJCAI2017Wei,
          author      = {Xiu-Shen Wei  and  Chen-Lin Zhang  and  Yao Li  and Chen-Wei Xie  and  Jianxin Wu  and Chunhua Shen  and Zhi-Hua Zhou},
          title       = {Deep Descriptor Transforming for Image Co-Localization},
          year        = {2017},
          month       = {},
          booktitle   = {International Joint Conference on Artificial Intelligence (IJCAI'17)},
          address     = {},
          venue       = {IJCAI},
          pages       = {},
          volume      = {},
          publisher   = {},
          eprint      = {1705.02758},
          url         = {},
          project     = {},
} 

