%%% -*-BibTeX-*-
@inproceedings{IJCAI2017Wang,
          author      = {Peng Wang  and  Qi Wu and  Chunhua Shen  and Anton {van den Hengel} and Anthony Dick},
          title       = {Explicit Knowledge-based Reasoning for Visual Question Answering},
          year        = {2017},
          month       = {},
          booktitle   = {International Joint Conference on Artificial Intelligence (IJCAI'17)},
          address     = {},
          venue       = {IJCAI},
          pages       = {},
          volume      = {},
          publisher   = {},
          eprint      = {1511.02570},
          url         = {},
          project     = {},
} 

