%%% -*-BibTeX-*-
@inproceedings{IJCAI19Zhang,
    author      = {Jianpeng Zhang and Yutong Xie and Pingping Zhang and Hao Chen and Yong Xia and Chunhua Shen},
    title       = {Light-Weight Hybrid Convolutional Network for Liver Tumor Segmentation},
    year        = {2019},
    pages       = {},
    volume      = {},
    publisher   = {},
    eprint      = {},
    booktitle   = {International Joint Conference on Artificial Intelligence (IJCAI'19)},
    address     = {},
    venue       = {IJCAI},
    url         = {},
    project     = {},
} 

