%%% -*-BibTeX-*-
@article{IJCV2017Lin,
    author = {Guosheng Lin  and  Fayao Liu  and  Chunhua Shen  and Jianxin Wu  and Heng Tao Shen},
    title  = {Structured Learning of Binary Codes with Column Generation for Optimizing Ranking Measures},
    journal= {International Journal of Computer Vision},
    volume = {},
    number = {},
    year   = {2017},
    url    = {},
    eprint = {1602.06654},
    venue  = {IJCV},
    project= {https://bitbucket.org/guosheng/structhash},
    note   = {},
} 

