%%% -*-BibTeX-*-
@article{IJCV2021Liuyl,
    author  = {Yuliang Liu and Tong He and  Hao Chen and
     Xinyu Wang and Canjie Luo and Shuaitao Zhang  and  Chunhua Shen  and  Lianwen Jin},
    title   = {Exploring the Capacity of an Orderless Box Discretization Network for Multi-orientation Scene Text Detection},
    journal = {International Journal of Computer Vision},
    year    = {2021},
    eprint  = {1912.09629},
    project = {https://git.io/TextDet},
    venue   = {IJCV},
} 

