%%% -*-BibTeX-*-
@article{Incremental2010Shen,
   author   = {Sakrapee Paisitkriangkrai and Chunhua Shen  and Jian Zhang},
   title    = {Incremental Training of a Detector Using Online Sparse Eigen-decomposition},
   journal  = {IEEE Transactions on Image Processing},
   volume   = {20},
   number   = {1},
   year     = {2011},
   month    = {},
   pages    = {213--226},
   publisher= {},
   eprint   = {1005.4118},
   venue    = {TIP},
   url      = {http://dx.doi.org/10.1109/TIP.2010.2053548},
} 

