%%% -*-BibTeX-*-
@inproceedings{Jia2022AdvA,
   author    = {Shuai Jia and Bangjie Yin and Taiping Yao and Shouhong Ding   and  Chunhua Shen and Xiaokang Yang and Chao Ma},
   title     = {Adv-Attribute: Inconspicuous and Transferable Adversarial Attack on Face Recognition},
   booktitle = {Advances in Neural Information Processing Systems (NeurIPS'22)},
   year      = {2022},
   volume    = {},
   month     = {December},
   pdf       = {},
   url       = {},
   eprint    = {},
   project   = {},
   venue     = {NeurIPS},
} 

