%%% -*-BibTeX-*-
@inproceedings{JiangCVPR2024,
   title    = {Traffic Scene Parsing through the TSP6K Dataset},
   author   = {Peng-Tao Jiang and Yuqi Yang and Yang Cao and Qibin Hou and Ming-Ming Cheng and Chunhua Shen},
   booktitle = {IEEE Conference on Computer Vision and Pattern Recognition (CVPR'24)},
   year      = {2024},
   volume    = {},
   month     = {},
   pdf       = {},
   url       = {},
   eprint    = {},
   project   = {},
   venue     = {CVPR},
}  

