%%% -*-BibTeX-*-
@inproceedings{Jiao2025ICLR,
    title    = {Boltzmann-Aligned Inverse Folding Model as a Predictor of Mutational Effects on Protein-Protein Interactions},
    author   = {Xiaoran Jiao and Weian Mao and Wengong Jin and Peiyuan Yang and Hao Chen and Chunhua Shen},
    booktitle= {International Conference on Learning Representations (ICLR'25)},
    year     = {2025},
    volume   = {},
    month    = {},
    pdf      = {},
    url      = {},
    eprint   = {},
    project  = {},
    venue    = {ICLR},
} 

