%%% -*-BibTeX-*-
@inproceedings{Jing2024AAAI,
   author    = {Chenchen Jing and  Yukun Li  and  Hao Chen  and  Chunhua Shen},
   title     = {Retrieval-augmented Primitive Representations for Compositional Zero-shot Learning},
   booktitle = {AAAI Conference on Artificial Intelligence (AAAI'24)},
   year      = {2024},
   volume    = {},
   month     = {},
   pdf       = {},
   url       = {},
   eprint    = {},
   project   = {},
   venue     = {AAAI},
} 

