%%% -*-BibTeX-*-
@article{JMLR2012Shen,
    author = {Chunhua Shen and Junae Kim and Lei Wang and Anton {van den Hengel}},
    title  = {Positive Semidefinite Metric Learning Using Boosting-like Algorithms},
    journal= {Journal of Machine Learning Research},
    volume = {13},
    number = {},
    year   = {2012},
    month  = {},
    pages  = {1007--1036},
    eprint = {1104.4704},
    url    = {http://jmlr.csail.mit.edu/papers/v13/shen12a.html},
    venue  = {JMLR},
    project= {https://code.google.com/archive/p/boosting/downloads},
} 

