%%% -*-BibTeX-*-
@inproceedings{Junae2008SVM,
   author    = {Junae Kim and Chunhua Shen and Lei Wang},
   title     = {Learning Cascaded Reduced-set {SVM}s Using Linear Programming},
   booktitle = {International Conference on Digital Image Computing - Techniques and Applications (DICTA'08)},
   year      = {2008},
   pages     = {619--626},
   volume    = {},
   address   = {Canberra, Australia},
   month     = {December},
   publisher = {IEEE Press},
   url       = {},
   pdf       = {},
   venue     = {DICTA},
} 

