%%% -*-BibTeX-*-
@inproceedings{KDD19Pang,
    author      = {Guansong Pang and Chunhua Shen and Anton {van den Hengel}},
    title       = {Deep Anomaly Detection with Deviation Networks},
    year        = {2019},
    pages       = {},
    volume      = {},
    publisher   = {},
    eprint      = {},
    booktitle   = {ACM SIGKDD Conference on Knowledge Discovery and Data Mining (KDD'19)},
    address     = {},
    venue       = {KDD},
    url         = {},
    project     = {},
} 

