%%% -*-BibTeX-*-
@inproceedings{Kernel2007Quang,
   author    = {Quang Nguyen and Antonio Robles-Kelly and Chunhua Shen},
   title     = {Kernel-based tracking from a probabilistic viewpoint},
   booktitle = {IEEE Conference on Computer Vision and Pattern Recognition (CVPR'07)},
   year      = {2007},
   pages     = {},
   volume    = {},
   address   = {Minneapolis, US},
   month     = {June},
   publisher = {IEEE Computer Society},
   pdf       = {http://goo.gl/1QNmaq},
   url       = {http://dx.doi.org/10.1109/CVPR.2007.383240},
   venue     = {CVPR},
} 

