%%% -*-BibTeX-*-
@inproceedings{Kim2009ACCV,
   author    = {Junae Kim and Chunhua Shen and Lei Wang},
   title     = {A Scalable Algorithm for Learning a {M}ahalanobis Distance Metric},
   booktitle = {9th Asian Conference on Computer Vision (ACCV'09)},
   year      = {2009},
   pages     = {299--310},
   volume    = {5996},
   address   = {Xi'an, China},
   month     = {September},
   publisher = {LNCS, Springer-Verlag},
   url       = {},
   eprint     = {},
   pdf       = {},
   venue     = {ACCV},
   note      = {},
} 

