%%% -*-BibTeX-*-
@inproceedings{Kong2021ICRA,
   author    = {Lingtong Kong  and  Chunhua Shen  and  Jie Yang},
   title     = {{FastFlowNet}:  A Lightweight Network for Fast Optical Flow Estimation},
   booktitle = {International Conference on  Robotics and Automation (ICRA'21)},
   year      = {2021},
   volume    = {},
   month     = {},
   pdf       = {},
   url       = {},
   eprint    = {2103.04524},
   project   = {https://git.io/fastflow},
   venue     = {ICRA},
} 

