%%% -*-BibTeX-*-
@inproceedings{KYQZ2023ICCV,
    title  = { {CTVIS}: Consistent Training for Online Video Instance Segmentation }, 
    author = {Kaining Ying and Qing Zhong and Weian Mao and Zhenhua Wang and Hao Chen and Lin Yuanbo Wu and Yifan Liu and Chengxiang Fan and Yunzhi Zhuge and Chunhua Shen},
    year   = {2023},
    booktitle = {IEEE International Conference on Computer Vision (ICCV'23)},
    eprint = {2307.12616},
    project   = {https://github.com/KainingYing/CTVIS},
    venue     = {ICCV},     
} 

