%%% -*-BibTeX-*-
@article{Li2024TIP,
  author = {Hanxi Li and  Jianfei Hu and  Bo Li and  Hao Chen and  Yongbin Zheng and Chunhua Shen},
  title  = {Target before Shooting: Accurate Anomaly Detection and Localization under One Millisecond via Cascade Patch Retrieval},
  journal= {IEEE Transactions on Image Processing},
  venue  = {TIP},
  year   = {2024}
} 

