%%% -*-BibTeX-*-
@article{Li2010Interactive,
   author   = {Hongdong Li and Chunhua Shen},
   title    = {Interactive Color Image Segmentation with Linear Programming},
   journal  = {Machine Vision and Applications},
   volume   = {21},
   year     = {2010},
   month    = {June},
   number   = {4},
   pages    = {403--412},
   publisher= {Springer},
   url      = {http://www.springerlink.com/content/b254775776114226},
   pdf      = {http://sites.google.com/site/chhshen/publication/MVA2010LP.pdf},
   venue    = {MVA},
} 

