%%% -*-BibTeX-*-
@article{Li2018IVC,
    title  = {Reading Car License Plates Using Deep Neural Networks},
    author = {Hui Li   and   Peng Wang   and  Mingyu You    and  Chunhua Shen},
    journal= {Image and Vision Computing},
    year   = {2018},
    eprint = {1601.05610},
    venue  = {IVC},
} 

