%%% -*-BibTeX-*-
@article{Li2017Removal,
  author ={Ying Li and Wenbo Li and Chunhua Shen},
  title  = {Removal of Optically Thick Clouds From High-resolution Satellite Imagery Using Dictionary Group
    Learning and Interdictionary Nonlocal Joint Sparse Coding},
  year   = 2017,
  venue  = {JSTAEORS},
  journal ={IEEE Journal of Selected Topics in Applied Earth Observations and Remote Sensing},
} 

