%%% -*-BibTeX-*-
@inproceedings{Li2022Rigid,
author    = {Ruibo Li and Chi Zhang and Guosheng Lin and Zhe Wang and Chunhua Shen},
title     = {{RigidFlow}: Self-Supervised Scene Flow Learning on Point Clouds by Local Rigidity Prior}    
booktitle = {IEEE Conference on Computer Vision and Pattern Recognition (CVPR'22},
year      = {2022},
volume    = {},
month     = {},
pdf       = {},
url       = {},
eprint    = {},
project   = {},
venue     = {CVPR},
} 

