%%% -*-BibTeX-*-
@inproceedings{Li2011CVPR,
    author      = {Hanxi Li and Chunhua Shen and Qinfeng Shi},
    title       = {Real-time visual tracking Using compressive sensing},
    year        = {2011},
    month       = {June},
    booktitle   = {IEEE Conference on Computer Vision and Pattern Recognition (CVPR'11)},
    address     = {Colorado Springs, USA},
    venue       = {CVPR},
    pages       = {1305--1312},
    volume      = {},
    publisher   = {},
    note        = {},
    eprint      = {},
    url         = {},
    pdf         = {http://goo.gl/dsjsoM}
} 

