%%% -*-BibTeX-*-
@inproceedings{Li2021CVPR12,
   author    = {Ruibo Li and Guosheng Lin and Tong He and Fayao Liu and Chunhua Shen},
   title     = {{HCRF-Flow}: Scene Flow from Point Clouds with Continuous High-order {CRFs} and
                        Position-aware Flow Embedding},
   booktitle = {IEEE Conference on Computer Vision and Pattern Recognition (CVPR'21)},
   year      = {2021},
   volume    = {},
   month     = {},
   pdf       = {},
   url       = {},
   eprint    = {},
   project   = {},
   venue     = {CVPR},
   note      = {},
} 

