%%% -*-BibTeX-*-
@article{Li2020Carlicense,
    author  = {Linjiang Zhang and Peng Wang and Hui Li
               and Zhen Li
               and  Chunhua Shen
               and Yanning Zhang},
    title   = {A robust attentional framework for license plate recognition in the wild},
    journal = {IEEE Transactions on Intelligent Transportation Systems},
    year    = {2020},
    eprint  = {},
    url     = {},
    venue   = {T-ITS},
} 

