%%% -*-BibTeX-*-
@article{Li2021Text,
    author  = {Peng Wang and Hui Li and Chunhua Shen},
    title   = {Towards End-to-End Text Spotting in Natural Scenes},
    journal = {IEEE Transactions on Pattern Analysis and Machine Intelligence},
    year    = {2021},
    eprint  = {1906.06013},
    project = {},
    venue   = {TPAMI},
} 

