%%% -*-BibTeX-*-
@inproceedings{Li2008Boosting,
   author    = {Hanxi Li and Chunhua Shen},
   title     = {Boosting the minimum margin: {LPBoost} vs. {AdaBoost}},
   booktitle = {International Conference on Digital Image Computing - Techniques and Applications (DICTA'08)},
   year      = {2008},
   pages     = {533--539},
   volume    = {},
   address   = {Canberra, Australia},
   month     = {December},
   publisher = {IEEE Press},
   url       = {},
   pdf       = {},
   venue     = {DICTA}
} 

