%%% -*-BibTeX-*-
@article{Li2018T-ITSa,
    title  = {Towards End-to-End Car License Plates Detection and Recognition with Deep Neural Networks},
    author = {Hui Li and Peng Wang   and  Chunhua Shen},
    journal= {IEEE Transactions on Intelligent Transportation Systems},
    year   = {2018},
    eprint = {},
    venue  = {T-ITS},
} 

