%%% -*-BibTeX-*-
@article{Li2013Hyper,
    author = {Xi Li and Weiming Hu and  Chunhua Shen and Anthony Dick and Zhongfei Zhang},
    title  = {Context-aware hypergraph construction for robust spectral clustering},
    journal= {IEEE Transactions on Knowledge and Data Engineering},
    volume = {26},
    number = {10},
    year   = {2014},
    month  = {},
    pages  = {2588--2597},
    eprint = {1401.0764},
    pdf    = {},
    url    = {http://doi.ieeecomputersociety.org/10.1109/TKDE.2013.126},
    note   = {},
    venue  = {TKDE},
    project = {},
} 

