%%% -*-BibTeX-*-
@inproceedings{Liang2022Action,
   author    = {Junwei Liang and Enwei Zhang and Jun Zhang and Chunhua Shen},
   title     = {Multi-dataset Training of Transformers for Robust Action Recognition},
   booktitle = {Advances in Neural Information Processing Systems (NeurIPS'22)},
   year      = {2022},
   volume    = {},
   month     = {December},
   pdf       = {},
   url       = {},
   eprint    = {},
   project   = {},
   venue     = {NeurIPS},
} 

