%%% -*-BibTeX-*-
@article{Lin2017Semantic,
  author  = {Guosheng Lin  and  Chunhua Shen  and  Anton {van den Hengel} and  Ian Reid},
  title   = {Exploring Context with Deep Structured models for Semantic Segmentation},
  year    = 2017,
  venue   = {TPAMI},
  journal = {IEEE Transactions on Pattern Analysis and Machine Intelligence},
  eprint  = {1603.03183},
} 

