%%% -*-BibTeX-*-
@article{Lin2023IJCVSuper,
    author  = {Mingbao Lin and  Mengzhao Chen  and  Yuxin Zhang  and  Chunhua Shen  and  Rongrong Ji  and  Liujuan Cao},
    title   = {Super Vision Transformer},
    journal = {International Journal of Computer Vision},
    year    = {2023},
    eprint  = {2205.11397},
    url     = {},
    project = {https://github.com/lmbxmu/SuperViT},
    venue   = {IJCV},
} 

