%%% -*-BibTeX-*-
@inproceedings{Lin2022TVRc,
   author    = {Chengzhi Lin and Ancong Wu and Junwei Liang and Jun Zhang and Wenhang Ge and Wei-Shi Zheng  and Chunhua Shen},
   title     = {Text-Adaptive Multiple Visual Prototype Matching for Video-Text Retrieval},
   booktitle = {Advances in Neural Information Processing Systems (NeurIPS'22)},
   year      = {2022},
   volume    = {},
   month     = {December},
   pdf       = {},
   url       = {},
   eprint    = {},
   project   = {},
   venue     = {NeurIPS},
} 

