%%% -*-BibTeX-*-
@article{Lin2004Active,
   author    = {Zhibin Lin and Jing Lu and Chunhua Shen and Xiaojun Qiu and Boling Xu},
   title     = {Active control of radiation from a piston set in a rigid sphere},
   journal   = {Journal of  Acoustical Society of America},
   volume    = {115},
   number    = {6},
   year      = {2004},
   month     = {June},
   pages     = {2954--2963},
   pdf       = {http://goo.gl/nc4SjU},
   url       = {http://dx.doi.org/10.1121/1.1736654},
   venue     = {JASA},
} 

