%%% -*-BibTeX-*-
@inproceedings{Liu2014Fisher,
   author    = {Lingqiao Liu and Chunhua Shen and Lei Wang and Anton {van den Hengel} and Chao Wang},
   title     = {Encoding High Dimensional Local Features by Sparse Coding Based {F}isher Vectors},
   booktitle = {Advances in Neural Information Processing Systems (NeurIPS'14)},
   year      = {2014},
   pages     = {},
   volume    = {},
   editor    = {},
   address   = {Montreal, Canada},
   month     = {December},
   publisher = {MIT Press},
   pdf       = {},
   url       = {},
   eprint    = {1411.6406},
   note      = {},
   venue     = {NeurIPS},
} 

