%%% -*-BibTeX-*-
@inproceedings{Liu2020WeightingRL,
    title       = {Weighing Counts: Sequential Crowd Counting by Reinforcement Learning},
    author      = {Liang Liu and Hao Lu and Hongwei Zou and Haipeng Xiong and Zhiguo Cao and Chunhua Shen},
    year        = {2020},
    pages       = {},
    volume      = {},
    publisher   = {},
    eprint      = {2007.08260},
    booktitle   = {European Conference on Computer Vision (ECCV'20)},
    address     = {},
    venue       = {ECCV},
    url         = {},
    project     = {https://github.com/poppinace/libranet},
    note        = {},
} 

