%%% -*-BibTeX-*-
@article{Liu2020TOG,
    author  = {Wei Liu and Pingping Zhang and Xiaolin Huang and Jie Yang and
         Chunhua Shen and  Ian Reid},
    title   = {Real-time image smoothing via iterative least squares},
    journal = {ACM Transactions on Graphics},
    year    = {2020},
    eprint  = {2003.07504},
    url     = {https://doi.org/10.1145/3388887},
    project = {https://github.com/wliusjtu/Real-time-Image-Smoothing-via-Iterative-Least-Squares},
    venue   = {TOG},
} 

