%%% -*-BibTeX-*-
@article{Liu2019CSVT,
    author  = {Wei Liu  and  Pingping Zhang  and  Xiaogang Chen  and  Chunhua Shen  and  Xiaolin Huang and Jie Yang},
    title   = {Embedding Bilateral Filter in Least Squares for Efficient Edge-preserving Image Smoothing},
    journal = {IEEE Transactions on Circuits and Systems for Video Technology},
    year    = {2019},
    eprint  = {},
    venue   = {TCSVT},
} 

