%%% -*-BibTeX-*-
@inproceedings{Liu2020EfficientSemantic,
    title       = {Efficient Semantic Video Segmentation with Per-frame Inference},
    author      = {Yifan Liu and Chunhua Shen and Changqian Yu and Jingdong Wang},
    year        = {2020},
    pages       = {},
    volume      = {},
    publisher   = {},
    eprint      = {2002.11433},
    booktitle   = {European Conference on Computer Vision (ECCV'20)},
    address     = {},
    venue       = {ECCV},
    url         = {},
    project     = {https://tinyurl.com/segment-video},
    note        = {},
} 

