%%% -*-BibTeX-*-
@article{Liu2015CRFPR,
    author = {Fayao Liu and Guosheng Lin and Chunhua Shen},
    title  = {{CRF} Learning with {CNN} Features for Image Segmentation},
    journal= {Pattern Recognition},
    volume = {48},
    number = {10},
    year   = {2015},
    url    = {},
    month  = {},
    pages  = {2983--2992},
    eprint = {1503.08263},
    venue  = {PR},
    project= {},
    note   = {},
} 

