%%% -*-BibTeX-*-
@inproceedings{Liu2024ICML,
   author    = {Ke Liu and Shuaike Shen and Weian Mao and Xiaoran Jiao and Zheng Sun and Hao Chen and Chunhua Shen}, 
   title     = {Floating Anchor Diffusion Model for Multi-motif Scaffolding},
   booktitle = {International Conference on Machine Learning (ICML'24)},
   year      = {2024},
   volume    = {},
   month     = {},
   pdf       = {},
   eprint    = {},
   project   = {},
   venue     = {ICML},
   note      = {}, 
}  

