%%% -*-BibTeX-*-
@inproceedings{Liu2025ICML,
   author    = {Ke Liu and Hao Chen and Chunhua Shen},
   title     = {Physics Aware Neural Networks for Unsupervised Binding Energy Prediction},
   booktitle = {International Conference on Machine Learning (ICML'25)},
   year      = {2025},
   volume    = {},
   month     = {},
   pdf       = {},
   eprint    = {},
   project   = {},
   venue     = {ICML},
   note      = {},
} 

