%%% -*-BibTeX-*-
@article{Liu2025VIMTS,
  title  = {{VimTS}: A Unified Video and Image Text Spotter for Enhancing the Cross-domain Generalization},
  author = {Yuliang Liu and  Mingxin Huang and  Hao Yan and  Linger Deng and  Weijia Wu and  Hao Lu and  Chunhua Shen and  Lianwen Jin and  Xiang Bai},
  journal= {IEEE Transactions on Pattern Analysis and Machine Intelligence},
  venue  = {TPAMI},
  eprint = {2404.19652},
  year   = {2025},
} 

