%%% -*-BibTeX-*-
@article{Liu2016Tracking,
    author = {Fayao Liu and Chunhua Shen and Ian Reid and Anton {van den Hengel}},
    title  = {Online Unsupervised Feature Learning for Visual Tracking},
    journal= {Image and Vision Computing},
    volume = {},
    number = {},
    year   = {2016},
    url    = {},
    month  = {},
    pages  = {},
    eprint = {1310.1690},
    venue  = {IVC},
    project= {},
    note   = {},
} 

