%%% -*-BibTeX-*-
@article{Liu2021ABCNetv2,
    author  = {Yuliang Liu  and   Chunhua Shen  and   Lianwen Jin  and   Tong He  and  Peng Chen  and  Chongyu Liu  and  Hao Chen},
    title   = {{ABCNet} v2: Adaptive Bezier-Curve Network for Real-time End-to-end Text Spotting},
    journal = {IEEE Transactions on Pattern Analysis and Machine Intelligence},
    year    = {2021},
    eprint  = {2105.03620},
    project = {https://git.io/AdelaiDet},
    venue   = {TPAMI},
} 

