%%% -*-BibTeX-*-
@article{Liu2023TPAMI,
    author  = {Jing Liu  and   Bohan Zhuang  and  Peng Chen  and  Chunhua Shen  and  Jianfei Cai  and  Mingkui Tan},
    title   = {Single-path Bit Sharing for Automatic Loss-aware Model Compression},
    journal = {IEEE Transactions on Pattern Analysis and Machine Intelligence},
    year    = {2023},
    eprint  = {2101.04935},
    project = {},
    venue   = {TPAMI},
} 

