%%% -*-BibTeX-*-
@inproceedings{Liu2021CVPR5,
   author    = {Yifan Liu and Wei Yin and Yu Chen    and Hao Chen and  Chunhua Shen},
   title     = {Generic Perceptual Loss for Modelling Structured Output Dependencies},
   booktitle = {IEEE Conference on Computer Vision and Pattern Recognition (CVPR'21)},
   year      = {2021},
   volume    = {},
   month     = {},
   pdf       = {},
   url       = {},
   eprint    = {},
   venue     = {CVPR},
} 

