%%% -*-BibTeX-*-
@article{Liu2020PAMI,
    author = {Yifan Liu  and   Changyong Shun  and   Jingdong Wang  and  Chunhua Shen},
    title  = {Structured Knowledge Distillation for Dense Prediction},
    journal= {IEEE Transactions on Pattern Analysis and Machine Intelligence},
    eprint = {1903.04197},
    venue  = {TPAMI},
    year   = {2020},
    project= {https://github.com/irfanICMLL/structure_knowledge_distillation},
    url    = {https://ieeexplore.ieee.org/document/9115859},
} 

