%%% -*-BibTeX-*-
@inproceedings{Liu2024ICLR,
   author    = {Yang Liu  and  Muzhi Zhu and  Hengtao Li and  Hao Chen  and  Xinlong Wang  and  Chunhua Shen},
   title     = {Matcher: Segment Anything with One Shot Using All-Purpose Feature Matching},
   booktitle = {International Conference on Learning Representations (ICLR'24)},
   year      = {2024},
   volume    = {},
   month     = {},
   pdf       = {},
   url       = {https://openreview.net/forum?id=yzRXdhk2he},
   eprint    = {2305.13310},
   project   = {},
   venue     = {ICLR},
}  

