%%% -*-BibTeX-*-
@article{Liu2015TPAMI,
    author = {Lingqiao Liu and Lei Wang and Chunhua Shen},
    title  = {A Generalized Probabilistic Framework for Compact Codebook Creation},
    journal= {IEEE Transactions on Pattern Analysis and Machine Intelligence},
    volume = {38},
    number = {2},
    year   = {2016},
    url    = {http://doi.org/10.1109/TPAMI.2015.2441069},
    month  = {},
    pages  = {224--237},
    eprint = {1401.7713},
    venue  = {TPAMI},
    project= {},
    note   = {},
} 

