%%% -*-BibTeX-*-
@inproceedings{Liu2011CVPR,
    author      = {Lingqiao Liu and Lei Wang and Chunhua Shen},
    title       = {A generalized probabilistic framework for compact codebook creation},
    year        = {2011},
    month       = {June},
    booktitle   = {IEEE Conference on Computer Vision and Pattern Recognition (CVPR'11)},
    address     = {Colorado Springs, USA},
    venue       = {CVPR},
    pages       = {1537--1544},
    volume      = {},
    publisher   = {},
    note        = {},
    eprint      = {},
    pdf         = {http://hdl.handle.net/2440/63014},
} 

