%%% -*-BibTeX-*-
@inproceedings{LiuBNN2021AAAI,
   author    = {Chunlei Liu and Peng Chen and Bohan Zhuang  and  Chunhua Shen and Baochang Zhang and Wenrui Ding},
   title     = {{SA-BNN}: State-Aware Binary Neural Network},
   booktitle = {AAAI Conference on Artificial Intelligence (AAAI'21)},
   year      = {2021},
   volume    = {},
   month     = {},
   pdf       = {},
   url       = {},
   eprint    = {},
   project   = {},
   venue     = {AAAI},
} 

