%%% -*-BibTeX-*-
@article{LiuL2020CSVT,
    title  = {{NSSNet}: Scale-aware object counting with non-scale suppression},
    author = {Liang Liu and Zhiguo Cao and Hao Lu and Haipeng Xiong and Chunhua Shen},
    journal = {IEEE Transactions on Circuits and Systems for Video Technology},
    year    = {2020},
    eprint  = {},
    project = {},
    venue   = {TCSVT},
} 

