%%% -*-BibTeX-*-
@article{Liuyang2024Masked,
  author = {Yang Liu and Xinlong Wang and Muzhi Zhu and Yue Cao and Tiejun Huang and Chunhua Shen},
  title  = {Masked Channel Modeling for Bootstrapping Visual Pre-training},
  journal= {International Journal of Computer Vision},
  venue  = {IJCV},
  year   = {2024}
} 

