%%% -*-BibTeX-*-
@inproceedings{LMI2006Li,
   author    = {Hongdong Li and Chunhua Shen},
   title     = {An {LMI} approach for reliable {PTZ} camera self-calibration},
   booktitle = {IEEE International Conference on Advanced Video and Signal based Surveillance (AVSS'06)},
   year      = {2006},
   pages     = {79--84},
   volume    = {},
   address   = {Sydney, Australia},
   month     = {November},
   publisher = {IEEE Computer Society},
   url       = {http://dx.doi.org/10.1109/AVSS.2006.21},
   pdf       = {},
   venue     = {AVSS},
} 

