%%% -*-BibTeX-*-
@article{LMS2013TIP,
    author = {Fumin Shen and Chunhua Shen  and Anton {van den Hengel} and Zhenmin Tang},
    title  = {Approximate Least Trimmed Sum of Squares Fitting and Applications in Image Analysis},
    journal= {IEEE Transactions on Image Processing},
    volume = {22},
    number = {5},
    year   = {2013},
    month  = {May},
    pages  = {1836--1847},
    eprint = {},
    pdf    = {http://hdl.handle.net/2440/79428},
    url    = {http://ieeexplore.ieee.org/xpl/articleDetails.jsp?arnumber=6408142},
    venue  = {TIP},
    note   = {},
} 

