%%% -*-BibTeX-*-
@inproceedings{Long2022RAC,
author    = {Alexander Long and Wei Yin and  Thalaiyasingam Ajanthan and 
            Vu Nguyen and Pulak Purkait and  Ravi Garg and 
            Alan Blair and Chunhua Shen and Anton {van den Hengel}},
title     = {Retrieval Augmented Classification for Long-Tail Visual Recognition},
booktitle = {IEEE Conference on Computer Vision and Pattern Recognition (CVPR'22)},
year      = {2022},
volume    = {},
month     = {},
pdf       = {},
url       = {},
eprint    = {2202.11233},
project   = {},
venue     = {CVPR},
} 

