%%% -*-BibTeX-*-
@inproceedings{LoRAPrune2024ACL,
   title    = {{LoRAPrune}: Structured Pruning Meets Low-Rank Parameter-Efficient Fine-Tuning}, 
   author    = {Mingyang Zhang and  Hao Chen and Chunhua Shen and  Zhen Yang and  Linlin Ou and Xinyi Yu and  Bohan Zhuang},
   booktitle = {Findings of the Association for Computational Linguistics (EACL'24)},
   year      = {2024},
   volume    = {},
   month     = {},
   pdf       = {},
   eprint    = {},
   project   = {},
   venue     = {ACL},
   note      = {}, 
}  

