%%% -*-BibTeX-*-
@article{Lu2003Lattice,
   author    = {Jing Lu and Chunhua Shen and Xiaojun Qiu and Boling Xu},
   title     = {Lattice form adaptive infinite impulse response filtering algorithm for active noise control},
   journal   = {Journal of Acoustical Society of America},
   volume    = {113},
   number    = {1},
   year      = {2003},
   month     = {January},
   pages     = {327--335},
   pdf       = {http://sites.google.com/site/chhshen/publication/Lattice2003JASA.pdf?attredirects=1},
   url       = {http://dx.doi.org/10.1121/1.1529665},
   venue     = {JASA},
} 

