%%% -*-BibTeX-*-
@article{Lu2023IJCVCounting,
    author  = {Haipeng Xiong and Hao Lu and 
               Chengxin Liu and Liang Liu and Chunhua Shen and Zhiguo Cao},
    title   = {From Open Set to Closed Set: Supervised Spatial Divide-and-Conquer for Object Counting},
    journal = {International Journal of Computer Vision},
    year    = {2023},
    eprint  = {2001.01886},
    url     = {},
    project = {},
    venue   = {IJCV},
} 

