%%% -*-BibTeX-*-
@article{Lu2018TIP,
    author = {Hao Lu  and  Chunhua Shen  and  Zhiguo Cao  and  Yang Xiao   and   Anton {van den Hengel} },
    title  = {An Embarrassingly Simple Approach to Visual Domain Adaptation},
    journal= {IEEE Transactions on Image Processing},
    year   = {2018},
    eprint = {},
    venue  = {TIP},
    volume = {27},
    pages  = {3403--3417},
    project={https://github.com/poppinace/ldada},
} 

