%%% -*-BibTeX-*-
@article{Lu2020PAMIIndexNet,
    author = {Hao Lu  and  Yutong Dai  and  Chunhua Shen  and  Songcen Xu},
    title  = {Index Networks},
    journal= {IEEE Transactions on Pattern Analysis and Machine Intelligence},
    eprint = {1908.09895},
    venue  = {TPAMI},
    year   = {2020},
    project= {https://git.io/IndexNet},
    url    = {https://doi.org/10.1109/TPAMI.2020.3004474},
} 

