%%% -*-BibTeX-*-
@article{Lu2017Counting,
    author = {Hao Lu and Zhiguo Cao and Yang Xiao and Bohan Zhuang and Chunhua Shen},
    title  = {{TasselNet}: Counting maize tassels in the wild via local counts regression network},
    journal= {Plant Methods},
    year   = {2017},
    eprint = {1707.02290},
    venue  = {PLME},
} 

