%%% -*-BibTeX-*-
@inproceedings{Lu2008Human,
   author    = {Yifan Lu and Lei Wang and Richard Hartley and Hongdong Li and Chunhua Shen},
   title     = {Multi-view Human Motion Capture with An Improved Deformation Skin Model},
   booktitle = {International Conference on Digital Image Computing - Techniques and Applications (DICTA'08)},
   year      = {2008},
   pages     = {420--427},
   volume    = {},
   address   = {Canberra, Australia},
   month     = {December},
   publisher = {IEEE Computer Society},
   url       = {},
   venue     = {DICTA}
} 

