%%% -*-BibTeX-*-
@article{Luo2020IJCV,
    author  = {Canjie Luo and Qingxiang Lin and Yuliang Liu and Lianwen Jin and Chunhua Shen},
    title   = {Separating Content from Style Using Adversarial Learning for Recognizing Text in the Wild},
    journal = {International Journal of Computer Vision},
    year    = {2020},
    eprint  = {2001.04189},
    project = {},
    venue   = {IJCV},
} 

