%%% -*-BibTeX-*-
@inproceedings{Ma2018CVPR_a,
    title      = {Visual Question Answering with Memory-Augmented Networks},
    author       = {Chao Ma and  Chunhua Shen  and  Anthony Dick  and  Qi Wu  and  Peng Wang and
      Anton {van den Hengel} and  Ian Reid},
    year        = {2018},
    month       = {},
    booktitle   = {IEEE Conference on Computer Vision and Pattern Recognition (CVPR'18)},
    address     = {},
    venue       = {CVPR},
    pages       = {},
    volume      = {},
    publisher   = {},
    eprint      = {1707.04968},
    url         = {},
    project     = {},
} 

