%%% -*-BibTeX-*-
@inproceedings{Mao2021CVPR4,
   author    = {Weian Mao and Zhi Tian and Xinlong Wang and  Chunhua Shen},
   title     = {{FCPose}: Fully Convolutional Multi-Person Pose Estimation with Dynamic Instance-Aware Convolutions},
   booktitle = {IEEE Conference on Computer Vision and Pattern Recognition (CVPR'21)},
   year      = {2021},
   volume    = {},
   month     = {},
   pdf       = {},
   url       = {},
   eprint    = {},
   project   = {https://git.io/AdelaiDet},
   venue     = {CVPR},
} 

