%%% -*-BibTeX-*-
@inproceedings{Mao2024ICLR,
   author    = {Weian Mao and  Muzhi Zhu and Zheng Sun and Shuaike Shen and Lin Yuanbo Wu and Hao Chen and Chunhua Shen},
   title     = {De novo protein design using geometric vector field networks},
   booktitle = {International Conference on Learning Representations (ICLR'24)},
   year      = {2024},
   volume    = {},
   month     = {},
   pdf       = {},
   url       = {https://openreview.net/forum?id=9UIGyJJpay},
   eprint    = {2310.11802},
   project   = {},
   venue     = {ICLR},
   note      = {Spotlight presentation.}, 
}  

