%%% -*-BibTeX-*-
@inproceedings{Matting2019Lu,
    author      = {Hao Lu and Yutong Dai and  Chunhua Shen and Songcen Xu},
    title       = {Indices Matter: Learning to Index for Deep Image Matting},
    year        = {2019},
    pages       = {},
    volume      = {},
    publisher   = {},
    eprint      = {1908.00672},
    booktitle   = {IEEE International Conference on Computer Vision (ICCV'19)},
    address     = {},
    venue       = {ICCV},
    url         = {},
    project     = {},
} 

