%%% -*-BibTeX-*-
@article{MDBoost2010Shen,
   author   = {Chunhua Shen and Hanxi Li},
   title    = {Boosting through optimization of margin distributions},
   journal  = {IEEE Transactions on Neural Networks},
   volume   = {21},
   number   = {4},
   year     = {2010},
   month    = {April},
   pages    = {659--666},
   publisher= {},
   url      = {http://dx.doi.org/10.1109/TNN.2010.2040484},
   pdf      = {},
   eprint   = {0904.2037},
   venue    = {TNN},
   project  = {},
   note     = {},
} 

