%%% -*-BibTeX-*-
@article{Metric3Dv22024TPAMI,
    author  = {Mu Hu and Wei Yin and Chi Zhang and Zhipeng Cai and
        Xiaoxiao Long and Hao Chen and Kaixuan Wang and Gang Yu and Chunhua Shen and Shaojie Shen},
    title   = {Metric3D v2: A Versatile Monocular Geometric Foundation Model for Zero-shot Metric Depth and Surface Normal Estimation}, 
    journal = {IEEE Transactions on Pattern Analysis and Machine Intelligence},
    year    = {2024},
    eprint  = {2404.15506},
    project = {https://jugghm.github.io/Metric3Dv2/},
    venue   = {TPAMI},
} 

