%%% -*-BibTeX-*-
@inproceedings{MICCAI2019Xie,
    author      = {Yutong Xie  and  Hao Lu  and  Jianpeng Zhang  and  Chunhua Shen  and  Yong Xia},
    title       = {Deep Segmentation-Emendation Model for Gland Instance Segmentation},
    year        = {2019},
    pages       = {},
    volume      = {},
    publisher   = {},
    eprint      = {},
    booktitle   = {International Conference on Medical Image Computing and Computer Assisted Intervention (MICCAI'19)},
    address     = {},
    venue       = {MICCAI},
    url         = {},
    project     = {},
} 

