%%% -*-BibTeX-*-
@article{MKL2014,
    author = {Yanting Lu and Liantao Wang and Jianfeng Lu and Jingyu Yang and Chunhua Shen},
    title  = {Multiple kernel clustering based on centered kernel alignment},
    journal= {Pattern Recognition},
    volume = {47},
    number = {11},
    year   = {2014},
    url    = {},
    month  = {},
    pages  = {3656--3664},
    eprint = {},
    venue  = {PR},
    note   = {},
} 

