%%% -*-BibTeX-*-
@inproceedings{MM2019Yan,
    author      = {Cheng Yan and Guansong Pang and Xiao Bai and Chunhua Shen and Jun Zhou and Edwin Hancock},
    title       = {Deep Hashing by Discriminating Hard Examples},
    year        = {2019},
    pages       = {},
    volume      = {},
    publisher   = {},
    eprint      = {},
    booktitle   = {ACM International Conference on Multimedia (ACMMM'19)},
    address     = {},
    venue       = {ACMMM},
    url         = {},
    project     = {},
} 

