%%% -*-BibTeX-*-
@inproceedings{MM2021A,
    author      = {Hu Wang  and  Peng Chen  and  Bohan Zhuang and Chunhua Shen},
    title       = {Fully Quantized Image Super-Resolution Networks},
    year        = {2021},
    pages       = {},
    volume      = {},
    publisher   = {},
    eprint      = {2011.14265},
    booktitle   = {ACM International Conference on Multimedia (ACMMM'21)},
    address     = {},
    venue       = {ACMMM},
    url         = {},
    project     = {},
} 

