%%% -*-BibTeX-*-
@inproceedings{MM2021B,
    author      = {Yuzhi Zhuge and Chunhua Shen},
    title       = {Deep Reasoning Network for Few-shot Semantic Segmentation},
    year        = {2021},
    pages       = {},
    volume      = {},
    publisher   = {},
    eprint      = {},
    booktitle   = {ACM International Conference on Multimedia (ACMMM'21)},
    address     = {},
    venue       = {ACMMM},
    url         = {},
    project     = {},
} 

