%%% -*-BibTeX-*-
@article{MobileFAN2020,
    author  = {Yang Zhao and Yifan Liu and Chunhua Shen
               and Yongsheng Gao and Shengwu Xiong},
    title   = {{MobileFAN}: Transferring Deep Hidden Representation for Face Alignment},
    journal = {Pattern Recognition},
    year    = {2020},
    eprint  = {1908.03839},
    venue   = {PR},
} 

