%%% -*-BibTeX-*-
@inproceedings{Multiexit2010Wang,
   author    = {Peng Wang and Chunhua Shen and Hong Zheng and Zhang Ren},
   title     = {Training a multi-exit cascade with linear asymmetric classification for efficient object detection},
   booktitle = {IEEE International Conference on Image Processing (ICIP'10)},
   year      = {2010},
   pages     = {61--64},
   volume    = {},
   address   = {Hong Kong},
   month     = {October},
   publisher = {IEEE Press},
   url       = {},
   pdf       = {},
   venue     = {ICIP}
} 

