%%% -*-BibTeX-*-
@inproceedings{Muzhi2024Unleashing,
   title     = {Unleashing the Potential of the Diffusion Model in Few-shot Semantic Segmentation},
   author    = {Muzhi Zhu and Yang Liu and Zekai Luo and Chenchen Jing and Hao Chen and Guangkai Xu and  Xinlong Wang and Chunhua Shen},
   booktitle = {Advances in Neural Information Processing Systems (NeurIPS'24)},
   year      = {2024},
   volume    = {},
   month     = {December},
   pdf       = {},
   url       = {},
   eprint    = {2410.02369},
   project   = {https://github.com/aim-uofa/DiffewS},
   venue     = {NeurIPS},
} 

