%%% -*-BibTeX-*-
@inproceedings{NeurIPS15Lin,
    author      = {Guosheng Lin  and Chunhua Shen and Ian Reid and Anton {van den Hengel}},
    title       = {Deeply Learning the Messages in Message Passing Inference},
    year        = {2015},
    month       = {},
    booktitle   = {Advances in Neural Information Processing Systems (NeurIPS'15)},
    address     = {},
    venue       = {NeurIPS},
    pages       = {},
    volume      = {},
    publisher   = {},
    eprint      = {1506.02108},
    pdf         = {http://papers.NeurIPS.cc/paper/5791-deeply-learning-the-messages-in-message-passing-inference.pdf},
    project     = {},
} 

