%%% -*-BibTeX-*-
@inproceedings{Object2007Li,
   author    = {Hongdong Li and Chunhua Shen},
   title     = {Object-respecting colour image segmentation: An {LP} approach},
   booktitle = {IEEE International Conference on Image Processing (ICIP'07)},
   year      = {2007},
   pages     = {257--260},
   volume    = {2},
   address   = {San Antonio, Texas},
   month     = {September},
   publisher = {IEEE Press},
   pdf       = {},
   url       = {http://dx.doi.org/10.1109/ICIP.2007.4379141},
   venue     = {ICIP},
} 

