%%% -*-BibTeX-*-
@inproceedings{OmniR12025NeurIPS,
   title     = {{Omni-R1}: Reinforcement Learning for Omnimodal Reasoning via Two-System Collaboration},
   author    = {Hao Zhong and Muzhi Zhu and Zongze Du and Zheng Huang and Canyu Zhao and Mingyu Liu and Wen Wang and Hao Chen and Chunhua Shen},
   booktitle = {Advances in Neural Information Processing Systems (NeurIPS'25)},
   year      = {2025},
   volume    = {},
   month     = {December},
   pdf       = {},
   url       = {},
   eprint    = {},
   project   = {},
   venue     = {NeurIPS},
   note      = {},
} 

