%%% -*-BibTeX-*-
@inproceedings{OpenSet2019Xiong,
    author      = {Haipeng Xiong  and  Hao Lu  and Chengxin Liu  and Liang Liu  and Zhiguo Cao  and  Chunhua Shen},
    title       = {From Open Set to Closed Set: Counting Objects by Spatial Divide-and-Conquer},
    year        = {2019},
    pages       = {},
    volume      = {},
    publisher   = {},
    eprint      = {1908.06473},
    booktitle   = {IEEE International Conference on Computer Vision (ICCV'19)},
    address     = {},
    venue       = {ICCV},
    url         = {},
    project     = {https://github.com/xhp-hust-2018-2011/S-DCNet},
} 

