%%% -*-BibTeX-*-
@article{Paisitkriangkrai2015TPAMI,
    author = {Sakrapee Paisitkriangkrai  and Chunhua Shen  and Anton {van den Hengel}},
    title  = {Pedestrian Detection with Spatially Pooled Features and Structured Ensemble Learning},
    journal= {IEEE Transactions on Pattern Analysis and Machine Intelligence},
    volume = {38},
    number = {6},
    year   = {2016},
    url    = {http://doi.org/10.1109/TPAMI.2015.2474388},
    month  = {},
    pages  = {1243--1257},
    eprint = {1409.5209},
    venue  = {TPAMI},
    project= {https://github.com/chhshen/pedestrian-detection},
    note   = {},
} 

