%%% -*-BibTeX-*-
@inproceedings{Paisitkriangkrai2009CVPR,
   author    = {Sakrapee Paisitkriangkrai and Chunhua Shen and Jian Zhang},
   title     = {Efficiently Training a Better Visual Detector with Sparse Eigenvectors},
   booktitle = {IEEE Conference on Computer Vision and Pattern
      Recognition (CVPR'09)},
   year      = {2009},
   pages     = {1129--1136},
   volume    = {},
   address   = {Miami, Florida},
   month     = {June},
   publisher = {IEEE Computer Society},
   eprint    = {0903.3103},
   url       = {http://sites.google.com/site/chhshen/publication/CVPR2009GSLDA.pdf?attredirects=1},
   venue     = {CVPR},
} 

