%%% -*-BibTeX-*-
@article{Paisitkriangkrai2013RandomBoost,
    author = {Sakrapee Paisitkriangkrai and  Chunhua Shen and Qinfeng Shi and Anton {van den Hengel}},
    title  = {{RandomBoost}: {S}implified Multi-class Boosting through Randomization},
    journal= {IEEE Transactions on Neural Networks and Learning Systems},
    volume = {25},
    number = {4},
    year   = {2014},
    month  = {},
    pages  = {764--779},
    eprint = {1302.0963},
    pdf    = {},
    url    = {http://dx.doi.org/10.1109/TNNLS.2013.2281214},
    note   = {},
    venue  = {TNN},
    project = {},
} 

