%%% -*-BibTeX-*-
@article{Pan2020ACMSurvey,
    author  = {Guansong Pang  and Chunhua Shen and Longbing Cao and Anton {van den Hengel} },
    title   = {Deep Learning for Anomaly Detection: A Review},
    journal = {ACM Computing Surveys},
    year    = {2020},
    eprint  = {2007.02500},
    project = {},
    venue   = {ACMSurvey},
} 

