%%% -*-BibTeX-*-
@inproceedings{Pang2023KDD,
   author    = {Guansong Pang and Chunhua Shen and Huidong Jin and Anton {van den Hengel} },
   title     = {Deep Weakly-supervised Anomaly Detection},
   booktitle = {ACM SIGKDD Conference on Knowledge Discovery and Data Mining (KDD'23)},
   year      = {2023},
   volume    = {},
   month     = {},
   pdf       = {},
   url       = {},
   eprint    = {},
   project   = {},
   venue     = {KDD},
}  

