%%% -*-BibTeX-*-
@inproceedings{Pang2021KDD,
   author    = {Guansong Pang and Anton {van den Hengel}  and  Chunhua Shen and  Longbing Cao},
   title     = {Joint Optimization of Known and Unknown Anomaly Detection},
   booktitle = {ACM SIGKDD Conference on Knowledge Discovery and Data Mining (KDD'21)},
   year      = {2021},
   volume    = {},
   month     = {},
   pdf       = {},
   url       = {},
   eprint    = {2009.06847},
   project   = {},
   venue     = {KDD},
} 

