%%% -*-BibTeX-*-
@article{Part2016Yao,
    author = {Rui Yao  and Qinfeng Shi  and Chunhua Shen  and Yanning Zhang and Anton {van den Hengel}},
    title  = {Part-based robust tracking using online latent structured learning},
    journal= {IEEE Transactions on Circuits and Systems for Video Technology},
    volume = {},
    number = {},
    year   = {2016},
    url    = {http://dx.doi.org/10.1109/TCSVT.2016.2527358},
    month  = {},
    pages  = {},
    eprint = {},
    venue  = {TCSVT},
    project= {},
    note   = {},
} 

