%%% -*-BibTeX-*-
@inproceedings{Paul2010ACCV,
    author      = {Sakrapee Paisitkriangkrai and Chunhua Shen and Jian Zhang},
    title       = {Face Detection with Effective Feature Extraction},
    year        = {2010},
    month       = {November},
    booktitle   = {Asian Conference on Computer Vision (ACCV'10)},
    address     = {New Zealand},
    venue       = {ACCV},
    pages       = {460--470},
    volume      = {6494},
    publisher   = {Lecture Notes in Computer Science (LNCS), Springer-Verlag},
    note        = {},
    eprint      = {},
    url         = {},
} 

