%%% -*-BibTeX-*-
@article{Paul2013Fastboosting,
    author = {Sakrapee Paisitkriangkrai and Chunhua Shen and Anton {van den Hengel}},
    title  = {A scalable stage-wise approach to large-margin multi-class loss based boosting},
    journal= {IEEE Transactions on Neural Networks and Learning Systems},
    volume = {25},
    number = {5},
    year   = {2014},
    month  = {},
    pages  = {1002--1013},
    eprint = {1307.5497},
    venue  = {TNN},
    pdf    = {https://bytebucket.org/chhshen/data/raw/7e2f958b104603e54e9d8376a8e1672363f742a3/papers/Paisitkriangkrai2014TNNLS.pdf},
    url    = {http://dx.doi.org/10.1109/TNNLS.2013.2282369},
    note   = {}
} 

