%%% -*-BibTeX-*-
@article{Paul2013TMM,
    author = {Sakrapee Paisitkriangkrai and Chunhua Shen and Anton {van den Hengel}},
    title  = {Asymmetric pruning for learning cascade detectors},
    journal= {IEEE Transactions on Multimedia},
    volume = {16},
    number = {5},
    year   = {2014},
    month  = {},
    pages  = {1254--1267},
    url    = {http://dx.doi.org/10.1109/TMM.2014.2308723},
    eprint = {1303.6066},
    venue  = {TMM},
} 

