%%% -*-BibTeX-*-
@article{Paul2014TIPb,
    author = {Sakrapee Paisitkriangkrai  and  Chunhua Shen  and Anton {van den Hengel}},
    title  = {Large-margin Learning of Compact Binary Image Encodings},
    journal= {IEEE Transactions on Image Processing},
    volume = {23},
    number = {9},
    year   = {2014},
    url    = {},
    month  = {},
    pages  = {4041--4054},
    eprint = {1402.6383},
    venue  = {TIP},
    note   = {},
} 

