%%% -*-BibTeX-*-
@inproceedings{Peixian2022Detection,
    title       = {Efficient Decoder-free Object Detection with Transformers},
    author      = {Peixian Chen and Mengdan Zhang and Yunhang Shen and 
        Kekai Sheng and Yuting Gao and Xing Sun and Ke Li and Chunhua Shen},
    year        = {2022},
    pages       = {},
    volume      = {},
    publisher   = {},
    eprint      = {2206.06829},
    booktitle   = {European Conference on Computer Vision (ECCV'22)},
    address     = {},
    venue       = {ECCV},
    url         = {},
    project     = {},
    note        = {},
} 

