%%% -*-BibTeX-*-
@inproceedings{Peng2022MM,
    title        = {{SPTS}: Single-Point Text Spotting},
    author       = {Dezhi Peng    and 
                    Xinyu Wang    and 
                    Yuliang Liu   and 
                    Jiaxin Zhang  and 
                    Mingxin Huang and
                    Songxuan Lai  and 
                    Shenggao Zhu  and 
                    Jing Li       and 
                    Dahua Lin     and 
                    Chunhua Shen  and 
                    Xiang Bai     and 
                    Lianwen Jin},
    year        = {2022},
    pages       = {},
    volume      = {},
    publisher   = {},
    eprint      = {2112.07917},
    booktitle   = {ACM International Conference on Multimedia (ACMMM'22)},
    address     = {},
    venue       = {ACMMM},
    url         = {},
    project     = {},
} 

