%%% -*-BibTeX-*-
@article{Peng2020TNNLS,
    author  = {Xi Peng and Hongyuan Zhu and Jiashi Feng and
    Chunhua Shen and Haixian Zhang and Joey Zhou},
    title   = {Deep Clustering with Sample-Assignment
Invariance Prior},
    journal = {IEEE Transactions on Neural Networks and Learning Systems},
    year    = {2020},
    eprint  = {},
    url     = {},
    venue   = {TNN},
} 

