%%% -*-BibTeX-*-
@article{Performance2008Paul,
   author   = {Sakrapee Paisitkriangkrai and Chunhua Shen and Jian Zhang},
   title    = {Performance Evaluation of Local Features in Human Classification and Detection},
   journal  = {IET Computer Vision},
   volume   = {2},
   number   = {4},
   year     = {2008},
   month    = {December},
   pages    = {236--246},
   publisher= {IET},
   url      = {http://dx.doi.org/10.1049/iet-cvi:20080026},
   pdf      = {http://sites.google.com/site/chhshen/publication/Huam2009IET.pdf},
   venue    = {IETCV},
   note     = {Invited submission, special issue of DICTA2007.}
} 

