%%% -*-BibTeX-*-
@inproceedings{PersonReID2019Zhang,
    author      = {Xinyu Zhang  and  Jiewei Cao  and  Chunhua Shen  and  Mingyu You},
    title       = {Self-Training with Progressive Augmentation for Unsupervised Cross-Domain Person Re-Identification},
    year        = {2019},
    pages       = {},
    volume      = {},
    publisher   = {},
    eprint      = {1907.13315},
    booktitle   = {IEEE International Conference on Computer Vision (ICCV'19)},
    address     = {},
    venue       = {ICCV},
    url         = {},
    project     = {},
} 

