%%% -*-BibTeX-*-
@inproceedings{PointTeaching2023AAAI,
   author    = {Yongtao Ge and Qiang Zhou and  Xinlong Wang and 
       Zhibin Wang and Hao Li and Chunhua Shen},
   title     = {{Point-Teaching}: Weakly Semi-Supervised Object Detection with Point Annotations},
   booktitle = {AAAI Conference on Artificial Intelligence (AAAI'23)},
   year      = {2023},
   volume    = {},
   month     = {},
   pdf       = {},
   url       = {},
   eprint    = {},
   project   = {},
   venue     = {AAAI},
} 

