%%% -*-BibTeX-*-
@article{Pooling2016Wang,
    author = {Peng Wang and  Yuanzhouhan Cao and Chunhua Shen and Lingqiao Liu and Heng Tao Shen},
    title  = {Temporal Pyramid Pooling Based Convolutional Neural Network for Action Recognition},
    journal= {IEEE Transactions on Circuits and Systems for Video Technology},
    year   = {2016},
    eprint = {1503.01224},
    venue  = {TCSVT},
    project= {},
} 

