%%% -*-BibTeX-*-
@inproceedings{Poseur2022Detection,
    title       = {{Poseur}: Direct Human Pose Regression with Transformers},
    author      = {Weian Mao and Yongtao Ge and Chunhua Shen and Zhi Tian and
                   Xinlong Wang and Zhibin Wang and Anton {van den Hengel}},
    year        = {2022},
    pages       = {},
    volume      = {},
    publisher   = {},
    eprint      = {2201.07412},
    booktitle   = {European Conference on Computer Vision (ECCV'22)},
    address     = {},
    venue       = {ECCV},
    url         = {},
    project     = {https://github.com/aim-uofa/Poseur},
    note        = {},
} 

