%%% -*-BibTeX-*-
@article{PR2017Qiao,
    author = {Ruizhi Qiao   and   Lingqiao Liu  and  Chunhua Shen  and Anton {van den Hengel}},
    title  = {Learning discriminative trajectorylet detector sets for accurate skeleton-based action recognition},
    journal= {Pattern Recognition},
    volume = {},
    number = {},
    year   = {2017},
    url    = {},
    eprint = {1504.04923},
    venue  = {PR},
    project= {},
    note   = {},
} 

