%%% -*-BibTeX-*-
@article{PRFace2016Shen,
    author = {Fumin Shen  and  Chunhua Shen  and  Xiang Zhou  and Yang Yang and Heng Tao Shen},
    title  = {Face Image Classification by Pooling Raw Features},
    journal= {Pattern Recognition},
    volume = {54},
    number = {},
    year   = {2016},
    url    = {},
    month  = {},
    pages  = {94--103},
    eprint = {1406.6811},
    venue  = {PR},
    project= {https://github.com/bd622/FacePooling},
    note   = {},
} 

