%%% -*-BibTeX-*-
@inproceedings{QWu2018CVPR,
    title      = {Are You Talking to Me? Reasoned Visual Dialog Generation through Adversarial Learning},
    author       = {Qi Wu  and  Peng Wang  and  Chunhua Shen  and  Ian Reid  and Anton {van den Hengel} },
    year        = {2018},
    month       = {},
    booktitle   = {IEEE Conference on Computer Vision and Pattern Recognition (CVPR'18)},
    address     = {},
    venue       = {CVPR},
    pages       = {},
    volume      = {},
    publisher   = {},
    eprint      = {1711.07613},
    url         = {},
    project     = {},
} 

