%%% -*-BibTeX-*-
@inproceedings{Realtime2008Paisitkriangkrai,
   author    = {Sakrapee Paisitkriangkrai and Chunhua Shen and Jian Zhang},
   title     = {Real-time Pedestrian Detection Using a Boosted Multi-layer Classifier},
   booktitle = {8th IEEE International Workshop on Visual
      Surveillance, in conjunction with European Conference on Computer Vision (ECCVW'08)},
   year      = {2008},
   pages     = {},
   volume    = {},
   address   = {Marseille, France},
   month     = {October},
   url       = {},
   pdf       = {},
   venue     = {workshop},
} 

