%%% -*-BibTeX-*-
@inproceedings{Ruan2021CVPR9,
   author    = {Delian Ruan and Yan Yan and  Shenqi Lai and Zhenhua Chai and Chunhua Shen and Hanzi Wang},
   title     = {Feature Decomposition and Reconstruction Learning for Effective Facial Expression Recognition},
   booktitle = {IEEE Conference on Computer Vision and Pattern Recognition (CVPR'21)},
   year      = {2021},
   volume    = {},
   month     = {},
   pdf       = {},
   url       = {},
   eprint    = {},
   project   = {},
   venue     = {CVPR},
   note      = {},
} 

