%%% -*-BibTeX-*-
@article{Sai2023NPJ,
    author  = {Na Sai and James Paul Bockman and Hao Chen and 
       Nathan Watson-Haigh and Bo Xu and Xueying Feng and Adriane Piechatzek and  Chunhua Shen and Matthew Gilliham},
    title   = {{SAI}: An efficient and user-friendly tool for measurement of stomatal pores and density using deep computer vision},
    journal = {New Phytologist},
    year    = {2023},
    eprint  = {},
    url     = {https://doi.org/10.1101/2022.02.07.479482},
    project = {},
    venue   = {NPJ},
} 

