%%% -*-BibTeX-*-
@article{Scalable2010Shen,
   author   = {Chunhua Shen and Junae Kim and Lei Wang},
   title    = {Scalable Large-Margin {M}ahalanobis Distance Metric Learning},
   journal  = {IEEE Transactions on Neural Networks},
   volume   = {21},
   number   = {9},
   year     = {2010},
   month    = {September},
   pages    = {1524--1530},
   publisher= {},
   url      = {http://dx.doi.org/10.1109/TNN.2010.2052630},
   eprint   = {1003.0487},
   venue    = {TNN},
} 

