%%% -*-BibTeX-*-
@BOOK{SDP2012,
    author      = {Chunhua Shen and Anton {van den Hengel}},
    title       = {Semidefinite programming (Book chapter in: Encyclopedia of Computer Vision, Springer)},
    year        = {2012},
    venue       = {book},
    note        = {},
} 

