%%% -*-BibTeX-*-
@article{SDP2015Li,
    author = {Hui Li and Chunhua Shen and Anton {van den Hengel} and Qinfeng Shi},
    title  = {Worst-Case Linear Discriminant Analysis as Scalable Semidefinite Feasibility Problems},
    journal= {IEEE Transactions on Image Processing},
    volume = {24},
    number = {8},
    year   = {2015},
    url    = {},
    month  = {},
    pages  = {2382--2392},
    eprint = {1411.7450},
    venue  = {TIP},
    note   = {},
    project= {https://github.com/chhshen/SDP-WLDA},
} 

