%%% -*-BibTeX-*-
@article{SDP2008Shen,
   author   = {Chunhua Shen and Hongdong Li and Michael J. Brooks},
   title    = {Supervised Dimensionality Reduction via Sequential
               Semidefinite Programming},
   journal  = {Pattern Recognition},
   volume   = {41},
   number   = {12},
   year     = {2008},
   month    = {December},
   pages    = {3644--3652},
   publisher= {Elsevier},
   url      = {http://dx.doi.org/10.1016/j.patcog.2008.06.015},
   pdf      = {http://sites.google.com/site/chhshen/publication/PR1.pdf},
   venue    = {PR},
} 

