%%% -*-BibTeX-*-
@inproceedings{SegGPT2023ICCV,
   author    = {Xinlong Wang  and   Xiaosong Zhang  and  Yue Cao  and  Wen Wang  and  Chunhua Shen  and  Tiejun Huang},
   title     = {{SegGPT}: Segmenting Everything In Context},
   booktitle = {IEEE International Conference on Computer Vision (ICCV'23)},
   year      = {2023},
   volume    = {},
   month     = {},
   pdf       = {},
   url       = {},
   eprint    = {2304.03284},
   project   = {},
   venue     = {ICCV},
} 

