%%% -*-BibTeX-*-
@article{ShengZhang2020TMM,
    author  = {Sheng Zhang and Yuliang Liu and Lianwen Jin and Zhongrong Wei and Chunhua Shen},
    title   = {{OPMP}: An Omni-directional Pyramid Mask Proposal Network for Arbitrary-shape Scene Text Detection},
    journal = {IEEE Transactions on Multimedia},
    year    = {2020},
    eprint  = {},
    url     = {},
    venue   = {TMM},
} 

