%%% -*-BibTeX-*-
@inproceedings{Shen2009PSD,
   author    = {Chunhua Shen and Junae Kim and Lei Wang and Anton {van den Hengel}},
   title     = {Positive semidefinite metric learning with Boosting},
   booktitle = {Advances in Neural Information Processing Systems (NeurIPS'09)},
   year      = {2009},
   volume    = {},
   month     = {December},
   pdf       = {http://papers.NeurIPS.cc/paper/3658-positive-semidefinite-metric-learning-with-boosting.pdf},
   url       = {},
   eprint    = {0910.2279},
   project   = {https://code.google.com/archive/p/boosting/downloads},
   venue     = {NeurIPS},
} 

