%%% -*-BibTeX-*-
@inproceedings{Shen2004Articulated,
   author    = {Chunhua Shen and Anton {van den Hengel} and Anthony Dick and Michael J. Brooks},
   title     = {{2D} articulated tracking with dynamic {B}ayesian networks},
   booktitle = {International Conference on Computer and Information Technology (CIT'04)},
   year      = {2004},
   pages     = {130--136},
   volume    = {},
   address   = {Wuhan, China},
   month     = {September},
   publisher = {IEEE Computer Society},
   url       = {http://dx.doi.org/10.1109/CIT.2004.1357185},
   venue     = {CIT},
} 

