%%% -*-BibTeX-*-
@inproceedings{Shen2011CVPRb,
    author      = {Chunhua Shen and Junae Kim and Lei Wang},
    title       = {A Scalable Dual Approach to Semidefinite Metric Learning},
    year        = {2011},
    month       = {June},
    booktitle   = {IEEE Conference on Computer Vision and Pattern Recognition (CVPR'11)},
    address     = {Colorado Springs, USA},
    venue       = {CVPR},
    pages       = {2601--2608},
    volume      = {},
    publisher   = {},
    note        = {},
    eprint      = {},
    url         = {},
    pdf         = {http://goo.gl/UyVdEc},
} 

