%%% -*-BibTeX-*-
@inproceedings{Shen2008Self,
   author    = {Chunhua Shen and Hongdong Li and Michael J. Brooks},
   title     = {Self-Calibrating Cameras Using Semidefinite Programming},
   booktitle = {International Conference on Digital Image Computing - Techniques and Applications (DICTA'08)},
   year      = {2008},
   pages     = {436--441},
   volume    = {},
   address   = {Canberra, Australia},
   month     = {December},
   publisher = {IEEE Press},
   url       = {http://dx.doi.org/10.1109/DICTA.2008.46},
   pdf       = {},
   venue     = {DICTA},
} 

