%%% -*-BibTeX-*-
@inproceedings{Shen2005Visual,
   author    = {Chunhua Shen and Anton {van den Hengel} and Michael J. Brooks},
   title     = {Visual tracking via efficient kernel discriminant subspace learning},
   booktitle = {IEEE International Conference on Image Processing (ICIP'05)},
   year      = {2005},
   pages     = {590--593},
   volume    = {2},
   address   = {Genoa, Italy},
   publisher = {IEEE Press},
   month     = {September},
   url       = {http://dx.doi.org/10.1109/ICIP.2005.1530124},
   venue     = {ICIP},
} 

