%%% -*-BibTeX-*-
@inproceedings{Shen2008PSD,
   author    = {Chunhua Shen and Alan Welsh and Lei Wang},
   title     = {{PSDB}oost: Matrix-generation linear programming for positive semidefinite matrices learning},
   booktitle = {Advances in Neural Information Processing Systems (NeurIPS'08)},
   year      = {2008},
   pages     = {},
   volume    = {},
   editor    = {D. Koller and D. Schuurmans and Y. Bengio and L. Bottou},
   address   = {Vancouver, B.C., Canada},
   month     = {December},
   publisher = {MIT Press},
   url       = {},
   pdf       = {http://papers.NeurIPS.cc/paper/3611-psdboost-matrix-generation-linear-programming-for-positive-semidefinite-matrices-learning.pdf},
   venue     = {NeurIPS}
} 

