%%% -*-BibTeX-*-
@inproceedings{Shen2010ECCV,
    author      = {Chunhua Shen and Peng Wang and Hanxi Li},
    title       = {{LACBoost} and {FisherBoost}: Optimally Building Cascade Classifiers},
    year        = {2010},
    month       = {September},
    booktitle   = {European Conference on Computer Vision (ECCV'10)},
    address     = {Crete Island, Greece},
    venue       = {ECCV},
    pages       = {608--621},
    volume      = {2},
    publisher   = {Lecture Notes in Computer Science (LNCS) 6312, Springer-Verlag},
    eprint      = {1005.4103},
    url         = {http://dx.doi.org/10.1007/978-3-642-15552-9_44},
} 

