%%% -*-BibTeX-*-
@inproceedings{Shen2005Adaptive,
   author    = {Chunhua Shen and Michael J. Brooks},
   title     = {Adaptive over-relaxed mean shift},
   booktitle = {8th International Symposium on Signal Processing and Its Applications (ISSPA'05)},
   year      = {2005},
   pages     = {575--578},
   volume    = {2},
   address   = {Sydney, Australia},
   month     = {August},
   publisher = {IEEE Press},
   url       = {http://ieeexplore.ieee.org/xpls/abs_all.jsp?arnumber=1581003},
   note      = {Errata: in figure 3 square marker and circle
                marker should be swapped.},
   pdf       = {},
   venue     = {ISSPA}
} 

