%%% -*-BibTeX-*-
@inproceedings{Shen2005Augmented,
   author    = {Chunhua Shen and Michael J. Brooks and Anton {van den Hengel}},
   title     = {Augmented particle filtering for efficient visual tracking},
   booktitle = {IEEE International Conference on Image Processing (ICIP'05)},
   year      = {2005},
   pages     = {856--859},
   volume    = {3},
   publisher = {IEEE Press},
   address   = {Genoa, Italy},
   month     = {September},
   url       = {http://dx.doi.org/10.1109/ICIP.2005.1530527},
   venue     = {ICIP},
} 

