%%% -*-BibTeX-*-
@inproceedings{Shen2005Fast,
   author    = {Chunhua Shen and Michael J. Brooks and Anton {van den Hengel}},
   title     = {Fast global kernel density mode seeking with application to localisation and tracking},
   booktitle = {IEEE International Conference on Computer Vision (ICCV'05)},
   year      = {2005},
   pages     = {1516--1523},
   volume    = {2},
   address   = {Beijing, China},
   month     = {October},
   publisher = {IEEE Computer Society},
   pdf       = {http://goo.gl/UHzjWW},
   url       = {http://dx.doi.org/10.1109/ICCV.2005.94},
   venue     = {ICCV},
   note      = {Oral presentation, 45 out of 1200 submissions.},
} 

