%%% -*-BibTeX-*-
@inproceedings{Shen2004Enhanced,
   author    = {Chunhua Shen and Anton {van den Hengel} and Anthony Dick and Michael J. Brooks},
   title     = {Enhanced importance sampling: unscented auxiliary particle filtering for visual tracking},
   booktitle = {Australian Joint Conference on Artificial Intelligence (AI'04)},
   year      = {2004},
   pages     = {180--191},
   volume    = {},
   address   = {Cairns, Australia},
   month     = {December},
   publisher = {Lecture Notes in Artificial Intelligence (LNAI) 3339, Springer-Verlag},
   url       = {http://digital.library.adelaide.edu.au/dspace/handle/2440/29538},
   venue     = {AI},
} 

