%%% -*-BibTeX-*-
@inproceedings{Shen2011CVPRa,
    author      = {Chunhua Shen and Zhihui Hao},
    title       = {A direct formulation for totally-corrective multi-class boosting},
    year        = {2011},
    month       = {June},
    booktitle   = {IEEE Conference on Computer Vision and Pattern Recognition (CVPR'11)},
    address     = {Colorado Springs, USA},
    venue       = {CVPR},
    pages       = {2585--2592},
    volume      = {},
    publisher   = {},
    note        = {},
    eprint      = {},
    pdf         = {http://hdl.handle.net/2440/62919},
} 

