%%% -*-BibTeX-*-
@inproceedings{Shen2003Probabilistic,
   author    = {Chunhua Shen and Anton {van den Hengel} and Anthony Dick},
   title     = {Probabilistic multiple cue integration for particle filter based tracking},
   booktitle = {International Conference on Digital Image Computing - Techniques and Applications (DICTA'03)},
   year      = {2003},
   pages     = {309--408},
   volume    = {},
   address   = {Sydney, Australia},
   month     = {December},
   note      = {Nominated for Best Student Paper Award.},
   publisher = {CSIRO Publishing},
   pdf       = {http://sites.google.com/site/chhshen/publication/DICTA2003.pdf?attredirects=1},
   venue     = {DICTA}
} 

