%%% -*-BibTeX-*-
@article{Shen2013NN,
    author = {Chunhua Shen and Hanxi Li and Anton {van den Hengel}},
    title  = {Fully Corrective Boosting with Arbitrary Loss and Regularization},
    journal= {Neural Networks},
    volume = {48},
    number = {},
    year   = {2013},
    month  = {December},
    pages  = {44--58},
    eprint = {},
    pdf    = {http://hdl.handle.net/2440/78929},
    venue  = {NN},
    note   = {},
} 

