%%% -*-BibTeX-*-
@inproceedings{Shi2011CVPR,
    author      = {Qinfeng Shi and Anders Eriksson and Anton van den Hengel and Chunhua Shen},
    title       = {Is face recognition really a Compressive Sensing problem?},
    year        = {2011},
    month       = {June},
    booktitle   = {IEEE Conference on Computer Vision and Pattern Recognition (CVPR'11)},
    address     = {Colorado Springs, USA},
    venue       = {CVPR},
    pages       = {553--560},
    volume      = {},
    publisher   = {},
    note        = {},
    eprint      = {},
    pdf         = {http://hdl.handle.net/2440/67036},
} 

