%%% -*-BibTeX-*-
@inproceedings{Shi2010CVPR,
   author    = {Qinfeng Shi and Hanxi Li and Chunhua Shen},
   title     = {Rapid face recognition using hashing},
   booktitle = {IEEE Conference on Computer Vision and Pattern Recognition (CVPR'10)},
   year      = {2010},
   pages     = {2753--2760},
   volume    = {},
   address   = {San Francisco, CA},
   month     = {June},
   publisher = {IEEE Computer Society},
   pdf       = {http://sites.google.com/site/chhshen/publication/cvpr10.pdf?attredirects=1},
   eprint    = {},
   venue     = {CVPR},
} 

