%%% -*-BibTeX-*-
@inproceedings{Shu2021ICCVKD,
   author    = {Changyong Shu  and  Yifan Liu  and  Jianfei Gao  and  Lin Xu  and  Chunhua Shen},
   title     = {Channel-wise Knowledge Distillation for Dense Prediction},
   booktitle = {IEEE International Conference on Computer Vision (ICCV'21)},
   year      = {2021},
   volume    = {},
   month     = {},
   pdf       = {},
   url       = {},
   eprint    = {2011.13256},
   project   = {},
   venue     = {ICCV},
} 

