%%% -*-BibTeX-*-
@inproceedings{Shu2021CVPR10,
   author    = {Ying Shu and Yan Yan and  Si Chen and Jing-Hao Xue and Chunhua Shen and Hanzi Wang},
   title     = {Learning Spatial-Semantic Relationship for Facial Attribute Recognition with Limited Labeled Data},
   booktitle = {IEEE Conference on Computer Vision and Pattern Recognition (CVPR'21)},
   year      = {2021},
   volume    = {},
   month     = {},
   pdf       = {},
   url       = {},
   eprint    = {},
   project   = {},
   venue     = {CVPR},
   note      = {},
} 

