%%% -*-BibTeX-*-
@inproceedings{Siggraph2025GVM,
   author    = {Yongtao Ge and Kangyang Xie and Guangkai Xu and Mingyu Liu and Li Ke 
                    and Longtao Huang and Hui Xue and Hao Chen and Chunhua Shen},
   title     = {Generative Video Matting},
   booktitle = {ACM Special Interest Group on Computer Graphics and Interactive Techniques Conference (SIGGRAPH'25)},
   year      = {2025},
   volume    = {},
   month     = {},
   pdf       = {},
   eprint    = {},
   project   = {},
   venue     = {SIGGRAPH},
   note      = {},
} 

