%%% -*-BibTeX-*-
@inproceedings{SoloV22020,
   author    = {Xinlong Wang  and  Rufeng Zhang  and  Tao Kong  and  Lei Li  and  Chunhua Shen},
   title     = {{SOLOv2}: Dynamic and Fast Instance Segmentation},
   booktitle = {Advances in Neural Information Processing Systems (NeurIPS'20)},
   year      = {2020},
   volume    = {},
   month     = {December},
   pdf       = {},
   url       = {},
   eprint    = {2003.10152},
   project   = {https://git.io/AdelaiDet},
   venue     = {NeurIPS},
} 

