%%% -*-BibTeX-*-
@inproceedings{Song2018CVPR,
    title      = {{VITAL}: VIsual Tracking via Adversarial Learning},
    author       = {Yibing Song  and  Chao Ma  and
                    Xiaohe Wu  and  Lijun Gong  and  Linchao Bao  and  Wangmeng Zuo  and  Chunhua Shen and
                    Rynson Lau
                    and Ming-Hsuan Yang},
    year        = {2018},
    month       = {},
    booktitle   = {IEEE Conference on Computer Vision and Pattern Recognition (CVPR'18)},
    address     = {},
    venue       = {CVPR},
    pages       = {},
    volume      = {},
    publisher   = {},
    eprint      = {1804.04273},
    url         = {},
    project     = {https://ybsong00.github.io/cvpr18_tracking/index},
} 

