%%% -*-BibTeX-*-
@article{SPTSv2,
    author  = {Yuliang Liu and Jiaxin Zhang and  Dezhi Peng and  Mingxin Huang and 
               Xinyu Wang and  Jingqun Tang and  Can Huang and  Dahua Lin and 
               Chunhua Shen and  Xiang Bai  and  Lianwen Jin},
    title   = {{SPTS v2}: Single-Point Scene Text Spotting},
    journal = {IEEE Transactions on Pattern Analysis and Machine Intelligence},
    year    = {2023},
    eprint  = {2301.01635},
    project = {https://github.com/Yuliang-Liu/SPTSv2},
    venue   = {TPAMI},
} 

