%%% -*-BibTeX-*-
@article{Sun2023TPAMI,
    author  = {Libo Sun and  Jia-Wang Bian and  Huangying Zhan and  Wei Yin and  Ian Reid and  Chunhua Shen},
    title   = {{SC-DepthV3}: Robust Self-supervised Monocular Depth Estimation for Dynamic Scenes},
    journal = {IEEE Transactions on Pattern Analysis and Machine Intelligence},
    year    = {2023},
    eprint  = {2211.03660},
    project = {https://github.com/JiawangBian/sc_depth_pl},
    venue   = {TPAMI},
} 

