%%% -*-BibTeX-*-
@article{Sun2022TRO,
author  = {Libo Sun and  Wei Yin and  Enze Xie  and  Zhengrong Li and  Changming Sun and  Chunhua Shen},
title   = {Improving Monocular Visual Odometry Using Learned Depth},
journal = {IEEE Transactions on Robotics},
year    = {2022},
eprint  = {},
project = {},
venue   = {TRO},
} 

