%%% -*-BibTeX-*-
@inproceedings{SurfaceSplat2025,
    author    = {Zihui Gao and Jia-Wang Bian and Guosheng Lin and Hao Chen and Chunhua Shen},
    title     = {{SurfaceSplat}: Connecting Surface Reconstruction and Gaussian Splatting},
    booktitle = {IEEE International Conference on Computer Vision (ICCV'25)},
    year      = {2025},
    volume    = {},
    month     = {},
    pdf       = {},
    url       = {},
    eprint    = {},
    project   = {},
    venue     = {ICCV},
    } 

