%%% -*-BibTeX-*-
@article{SWP2017Hu,
    author = {Qichang Hu  and  Huibing Wang  and  Teng Li  and   Chunhua Shen},
    title  = {Deep {CNNs} with Spatially Weighted Pooling for Fine-grained Car Recognition},
    journal= {IEEE Transactions on Intelligent Transportation Systems},
    year   = {2017},
    eprint = {},
    venue  = {T-ITS},
} 

