%%% -*-BibTeX-*-
@article{TasselNet2020,
    author  = {Haipeng Xiong and Zhiguo Cao and
     Hao Lu and  Simon Madec and Liang Liu and Chunhua Shen},
    title   = {{TasselNetv2}: in-field counting of wheat spikes with context-augmented local regression networks},
    journal = {Plant Methods},
    year    = {2020},
    eprint  = {},
    venue   = {PLME},
} 

