%%% -*-BibTeX-*-
@article{TCSVT2017Hu,
    author = {Qichang Hu and  Peng Wang  and Chunhua Shen  and Anton {van den Hengel} and Fatih Porikli},
    title  = {Pushing the Limits of Deep {CNNs} for Pedestrian Detection},
    journal= {IEEE Transactions on Circuits and Systems for Video Technology},
    volume = {28},
    number = {6},
    year   = {2018},
    url    = {},
    eprint = {1603.04525},
    venue  = {TCSVT},
    project= {},
    note   = {},
} 

