%%% -*-BibTeX-*-
@article{TCSVT2017Sheng,
    author = {Biyun Sheng and Chunhua Shen and Guosheng Lin and Jun Li and Wankou Yang and Changyin Sun},
    title  = {Crowd Counting via Weighted {VLAD} on Dense Attribute Feature Maps},
    journal= {IEEE Transactions on Circuits and Systems for Video Technology},
    volume = {},
    number = {},
    year   = {2017},
    url    = {},
    eprint = {1604.08660},
    venue  = {TCSVT},
    project= {},
    note   = {},
} 

