%%% -*-BibTeX-*-
@inproceedings{Temporal2019Zhang,
    author      = {Haokui Zhang and
                   Chunhua Shen  and
                   Ying Li  and
                   Yuanzhouhan Cao and
                   Yu Liu and Youliang Yan},
    title       = {Exploiting temporal consistency for real-time video depth estimation},
    year        = {2019},
    pages       = {},
    volume      = {},
    publisher   = {},
    eprint      = {1908.03706},
    booktitle   = {IEEE International Conference on Computer Vision (ICCV'19)},
    address     = {},
    venue       = {ICCV},
    url         = {},
    project     = {},
} 

