%%% -*-BibTeX-*-
@inproceedings{TextDet2019Wang,
    author      = {Wenhai Wang  and   Enze Xie  and  Xiaoge Song  and  Yuhang Zang   and  Wenjia Wang  and Tong Lu  and  Gang Yu  and Chunhua Shen},
    title       = {Efficient and Accurate Arbitrary-Shaped Text Detection with Pixel Aggregation Network},
    year        = {2019},
    pages       = {},
    volume      = {},
    publisher   = {},
    eprint      = {},
    booktitle   = {IEEE International Conference on Computer Vision (ICCV'19)},
    address     = {},
    venue       = {ICCV},
    url         = {},
    project     = {},
} 

