%%% -*-BibTeX-*-
@inproceedings{Tian2022FCOSLidar,
   author    = {Zhi Tian and Xiangxiang Chu and Xiaoming Wang and Xiaolin Wei  and Chunhua Shen},
   title     = {Fully Convolutional One-Stage {3D} Object Detection on {LiDAR} Range Images},
   booktitle = {Advances in Neural Information Processing Systems (NeurIPS'22)},
   year      = {2022},
   volume    = {},
   month     = {December},
   pdf       = {},
   url       = {},
   eprint    = {},
   project   = {},
   venue     = {NeurIPS},
} 

