%%% -*-BibTeX-*-
@inproceedings{Tian2020CondInst,
    title       = {Conditional Convolutions for Instance Segmentation},
    author      = {Zhi Tian  and  Chunhua Shen  and  Hao Chen},
    year        = {2020},
    pages       = {},
    volume      = {},
    publisher   = {},
    eprint      = {2003.05664},
    booktitle   = {European Conference on Computer Vision (ECCV'20)},
    address     = {},
    venue       = {ECCV},
    url         = {},
    project     = {https://github.com/aim-uofa/adet},
    note        = {Oral presentation},
} 

