%%% -*-BibTeX-*-
@article{TianSCH22,
  author       = {Zhi Tian and
                  Chunhua Shen and
                  Hao Chen and
                  Tong He},
  title        = {{FCOS:} A Simple and Strong Anchor-Free Object Detector},
  journal      = {IEEE Transactions on Pattern Analysis and Machine Intelligence},
  volume       = {44},
  number       = {4},
  pages        = {1922--1933},
  year         = {2022},
  url          = {https://doi.org/10.1109/TPAMI.2020.3032166},
  project      = {https://github.com/aim-uofa/AdelaiDet/},
} 

