%%% -*-BibTeX-*-
@inproceedings{Tian2021CVPR2,
   author    = {Zhi Tian   and  Chunhua Shen and Xinlong Wang and Hao Chen},
   title     = {{BoxInst}: High-Performance Instance Segmentation with Box Annotations},
   booktitle = {IEEE Conference on Computer Vision and Pattern Recognition (CVPR'21)},
   year      = {2021},
   volume    = {},
   month     = {},
   pdf       = {},
   url       = {},
   eprint    = {2012.02310},
   project   = {https://git.io/AdelaiDet},
   venue     = {CVPR},
} 

