%%% -*-BibTeX-*-
@article{Tian2021Adversarial,
    author  = {Lei Tian  and  Peng Wang  and  Guoqiang Liang  and  Chunhua Shen},
    title   = {An Adversarial Human Pose Estimation Network Injected with Graph Structure},
    journal = {Pattern Recognition},
    year    = {2021},
    eprint  = {},
    project = {},
    venue   = {PR},
} 

