%%% -*-BibTeX-*-
@article{TIP2017Liu,
    author = {Fayao Liu and  Guosheng Lin and Chunhua Shen},
    title  = {Discriminative Training of Deep Fully-connected Continuous {CRF} with Task-specific Loss},
    journal= {IEEE Transactions on Image Processing},
    year   = {2017},
    eprint = {1601.07649},
    venue  = {TIP},
} 

