%%% -*-BibTeX-*-
@article{TIP2014Shortcut,
    author = {Lei Luo and Chunhua Shen and  Xinwang Liu and  Chunyuan Zhang},
    title  = {A Computational Model of the Short-Cut Rule for {2D} Shape Decomposition},
    journal= {IEEE Transactions on Image Processing},
    volume = {24},
    number = {1},
    year   = {2015},
    month  = {},
    pages  = {},
    eprint = {1409.2104},
    pdf    = {},
    venue  = {TIP},
    note   = {},
} 

