%%% -*-BibTeX-*-
@article{TIP2016Cao,
    author = {Yuanzhouhan Cao and  Chunhua Shen and Heng Tao Shen},
    title  = {Exploiting Depth from Single Monocular Images for Object Detection and Semantic Segmentation},
    journal= {IEEE Transactions on Image Processing},
    volume = {},
    number = {},
    year   = {2017},
    url    = {},
    month  = {},
    pages  = {},
    eprint = {1610.01706},
    venue  = {TIP},
    project= {},
    note   = {},
} 

