%%% -*-BibTeX-*-
@article{TMM2013Shape,
    author = {Lei Luo and Chunhua Shen and Chunyuan Zhang  and Anton {van den Hengel}},
    title  = {Shape Similarity Analysis by Self-Tuning Locally Constrained Mixed-Diffusion},
    journal= {IEEE Transactions on Multimedia},
    volume = {15},
    number = {5},
    year   = {2013},
    month  = {August},
    pages  = {1174--1183},
    eprint = {},
    pdf    = {http://hdl.handle.net/2440/73304},
    venue  = {TMM},
    note   = {},
} 

