%%% -*-BibTeX-*-
@article{TNNLS2017Liu,
    author = {Fayao Liu and  Guosheng Lin and Ruizhi Qiao  and Chunhua Shen},
    title  = {Structured Learning of Tree Potentials in {CRF} for Image Segmentation},
    journal= {IEEE Transactions on Neural Networks and Learning Systems},
    year   = {2017},
    eprint = {1703.08764},
    venue  = {TNN},
} 

