%%% -*-BibTeX-*-
@inproceedings{TongShen2018CVPR,
    title      = {Bootstrapping the Performance of Webly Supervised Semantic Segmentation},
    author       = {Tong Shen and Guosheng Lin and Chunhua Shen and Ian Reid},
    year        = {2018},
    month       = {},
    booktitle   = {IEEE Conference on Computer Vision and Pattern Recognition (CVPR'18)},
    address     = {},
    venue       = {CVPR},
    pages       = {},
    volume      = {},
    publisher   = {},
    eprint      = {},
    url         = {},
    project     = {https://github.com/ascust/BDWSS},
} 

