%%% -*-BibTeX-*-
@inproceedings{Tong2022Detection,
    title       = {{PointInst3D}: Segmenting {3D} Instances by Points},
    author      = {Tong He and Wei Yin and Chunhua Shen and Anton {van den Hengel}},
    year        = {2022},
    pages       = {},
    volume      = {},
    publisher   = {},
    eprint      = {2204.11402},
    booktitle   = {European Conference on Computer Vision (ECCV'22)},
    address     = {},
    venue       = {ECCV},
    url         = {},
    project     = {},
    note        = {},
} 

