%%% -*-BibTeX-*-
@article{Tong2022TPAMI,
    author  = {Tong He and Chunhua Shen and Anton {van den Hengel}},
    title   = {Dynamic Convolution for {3D} Point Cloud Instance Segmentation},
    journal = {IEEE Transactions on Pattern Analysis and Machine Intelligence},
    year    = {2022},
    eprint  = {2107.08392},
    project = {},
    venue   = {TPAMI},
} 

