%%% -*-BibTeX-*-
@inproceedings{Topformer2022,
author    = {Wenqiang Zhang and  Zilong Huang and Gang Yu and 
             Tao Chen and  Guozhong Luo and 
             Xinggang Wang and  Wenyu Liu and  Chunhua Shen},
title     = {{TopFormer}: Token Pyramid Transformer for Mobile Semantic Segmentation},
booktitle = {IEEE Conference on Computer Vision and Pattern Recognition (CVPR'22)},
year      = {2022},
volume    = {},
month     = {},
pdf       = {},
url       = {},
eprint    = {},
project   = {},
venue     = {CVPR},
} 

