%%% -*-BibTeX-*-
@article{TPAMI2017Liu,
    author = {Lingqiao Liu  and Peng Wang  and  Chunhua Shen  and  Lei Wang  and  Anton {van den Hengel}  and  Chao Wang  and  Heng Tao Shen},
    title  = {Compositional Model based {F}isher Vector Coding for Image Classification},
    journal= {IEEE Transactions on Pattern Analysis and Machine Intelligence},
    volume = {},
    number = {},
    year   = {2017},
    url    = {},
    eprint = {1601.04143},
    venue  = {TPAMI},
    project= {},
    note   = {},
} 

