%%% -*-BibTeX-*-
@article{TPAMI2013Xi,
    author = {Xi Li and Anthony Dick and Chunhua Shen and Anton {van den Hengel} and Hanzi Wang},
    title  = {Incremental Learning of {3D-DCT} Compact Representations for Robust Visual Tracking},
    journal= {IEEE Transactions on Pattern Analysis and Machine Intelligence},
    volume = {35},
    number = {4},
    year   = {2013},
    month  = {April},
    pages  = {863--881},
    eprint = {1207.3389},
    pdf    = {https://sites.google.com/site/chhshen/publication/tpami12xi.pdf?attredirects=1},
    url    = {http://dx.doi.org/10.1109/TPAMI.2012.166},
    venue  = {TPAMI},
    project = {https://github.com/chhshen/DCT-Tracking/},
} 

