%%% -*-BibTeX-*-
@article{TSGB2022TIP,
title   = {{TSGB}: Target-selective gradient backprop for probing {CNN} visual saliency},
author  = {Lin Cheng and Pengfei Fang  and  Yanjie Liang and  Liao Zhang and  Chunhua Shen and  Hanzi Wang},
journal = {IEEE Transactions on Image Processing},
year    = {2022},
eprint  = {},
project = {},
venue   = {TIP},
} 

