%%% -*-BibTeX-*-
@inproceedings{Twins2021Chu,
   author    = {Xiangxiang Chu and  Zhi Tian and  Yuqing Wang and
                Bo Zhang  and  Haibing Ren  and  Xiaolin Wei  and  Huaxia Xia  and  Chunhua Shen},
   title     = {Twins: Revisiting the Design of Spatial Attention in Vision Transformers},
   booktitle = {Advances in Neural Information Processing Systems (NeurIPS'21)},
   year      = {2021},
   volume    = {},
   month     = {December},
   pdf       = {},
   url       = {},
   eprint    = {2104.13840},
   project   = {https://github.com/Meituan-AutoML/Twins},
   venue     = {NeurIPS},
} 

