%%% -*-BibTeX-*-
@article{TZhang2019TMM,
    author  = {Tianyi Zhang and Guosheng Lin and Jianfei Cai and
     Tong Shen and Chunhua Shen and Alex C. Kot},
    title   = {Decoupled Spatial Neural Attention for Weakly Supervised Semantic Segmentation},
    journal = {IEEE Transactions on Multimedia},
    year    = {2019},
    eprint  = {1803.02563},
    venue   = {TMM},
} 

