%%% -*-BibTeX-*-
@inproceedings{VisionLLaMA2024,
    title       = {{VisionLLaMA}: A Unified LLaMA Backbone for Vision Tasks},
    author      = {Xiangxiang Chu and  Jianlin Su and Bo Zhang and Chunhua Shen},
    year        = {2024},
    pages       = {},
    volume      = {},
    publisher   = {},
    eprint      = {2403.00522},
    booktitle   = {European Conference on Computer Vision (ECCV'24)},
    address     = {},
    venue       = {ECCV},
    url         = {},
    project     = {https://github.com/Meituan-AutoML/VisionLLaMA},
    note        = {},
} 

