%%% -*-BibTeX-*-
@inproceedings{VNL2019Yin,
    author      = {Wei Yin  and  Yifan Liu  and  Chunhua Shen  and  Youliang Yan},
    title       = {Enforcing geometric constraints of virtual normal for depth prediction},
    year        = {2019},
    pages       = {},
    volume      = {},
    publisher   = {},
    eprint      = {1907.12209},
    booktitle   = {IEEE International Conference on Computer Vision (ICCV'19)},
    address     = {},
    venue       = {ICCV},
    url         = {},
    project     = {https://github.com/YvanYin/VNL_Monocular_Depth_Prediction},
} 

