%%% -*-BibTeX-*-
@inproceedings{WangFramer2025ICLR,
    title    = {Framer: Interactive Frame Interpolation},
    author   = {Wen Wang and Qiuyu Wang and Kecheng Zheng and Hao Ouyang and Zhekai Chen and Biao Gong and Hao Chen and Yujun Shen and Chunhua Shen},
    booktitle= {International Conference on Learning Representations (ICLR'25)},
    year     = {2025},
    volume   = {},
    month    = {},
    pdf      = {},
    url      = {},
    eprint   = {},
    project  = {},
    venue    = {ICLR},
} 

