%%% -*-BibTeX-*-
@inproceedings{WangW2023ICCV,
    title  = {Zolly: Zoom Focal Length Correctly for Perspective-Distorted Human Mesh Reconstruction}, 
    author = {
        Wenjia Wang   and  
        Yongtao Ge    and  
        Haiyi Mei     and  
        Zhongang Cai  and 
        Qingping Sun  and 
        Chunhua Shen  and 
        Yanjun Wang   and 
        Lei Yang      and 
        Taku Komura},   
    year ={2023},
    booktitle = {IEEE International Conference on Computer Vision (ICCV'23)},    
    venue     = {ICCV},
} 

