%%% -*-BibTeX-*-
@inproceedings{Wang2009DICTA,
   author    = {Weihong Wang and Chunhua Shen and Jian Zhang and Sakrapee Paisitkriangkrai},
   title     = {A Two-Layer Night-time Vehicle Detector},
   booktitle = {International Conference on Digital Image Computing - Techniques and Applications (DICTA'09)},
   year      = {2009},
   pages     = {162--167},
   volume    = {},
   address   = {Melbourne, Australia},
   month     = {December},
   publisher = {IEEE Press},
   url       = {},
   eprint    = {},
   pdf       = {},
   venue     = {DICTA},
   note      = {},
} 

