%%% -*-BibTeX-*-
@article{Wang2021IJCV_NAS,
    author  = {Ning Wang and Yang Gao and Hao Chen and Peng Wang and Zhi Tian and Chunhua Shen and Yanning Zhang},
    title   = {{NAS-FCOS}:  Efficient  Search  for  Object  Detection Architectures},
    journal = {International Journal of Computer Vision},
    year    = {2021},
    eprint  = {},
    project = {https://github.com/Lausannen/NAS-FCOS},
    venue   = {IJCV},
} 

