%%% -*-BibTeX-*-
@article{Wang2017FVQA,
    author = {Peng Wang and Qi Wu and   Chunhua Shen and Anthony Dick and Anton {van den Hengel}},
    title  = {{FVQA}: Fact-based Visual Question Answering},
    journal= {IEEE Transactions on Pattern Analysis and Machine Intelligence},
    year   = {2018},
    eprint = {1606.05433},
    pages  = {2413--2427},
    volume = {40},
    venue  = {TPAMI},
} 

