%%% -*-BibTeX-*-
@inproceedings{Wang2020SuperRes,
    title       = {Scene Text Image Super-Resolution in the Wild},
    author      = {Wenjia Wang  and  Enze Xie  and  Xuebo Liu  and  Wenhai Wang  and  Ding Liang and   Chunhua Shen and Xiang Bai},
    year        = {2020},
    pages       = {},
    volume      = {},
    publisher   = {},
    eprint      = {2005.03341},
    booktitle   = {European Conference on Computer Vision (ECCV'20)},
    address     = {},
    venue       = {ECCV},
    url         = {},
    project     = {},
    note        = {},
} 

