%%% -*-BibTeX-*-
@inproceedings{Wang2009ACCV,
   author    = {Peng Wang and Chunhua Shen and Hong Zheng and Zhang Ren},
   title     = {A Variant of the Trace Quotient Formulation for Dimensionality Reduction},
   booktitle = {9th Asian Conference on Computer Vision (ACCV'09)},
   year      = {2009},
   pages     = {277--286},
   volume    = {5996},
   address   = {Xi'an, China},
   month     = {September},
   publisher = {LNCS, Springer-Verlag},
   url       = {},
   eprint    = {},
   pdf       = {},
   venue     = {ACCV},
   note      = {},
} 

