%%% -*-BibTeX-*-
@article{Wang2022VI,
    author  = {Xinlong Wang and Rufeng Zhang and   Chunhua Shen  and  Tao Kong},
    title   = {{DenseCL}: A simple framework for self-supervised dense visual pre-training},
    journal = {Visual Informatics},
    year    = {2022},
    eprint  = {},
    project = {},
    venue   = {VI},
} 

