%%% -*-BibTeX-*-
@article{Wang2019PR,
    author  = {Peng Wang and Lingqiao Liu  and  Chunhua Shen  and Heng Tao Shen},
    title   = {Order-aware Convolutional Pooling for Video Based Action Recognition},
    journal = {Pattern Recognition},
    year    = {2019},
    eprint  = {},
    venue   = {PR},
} 

