%%% -*-BibTeX-*-
@inproceedings{Wang2018CVPR,
    title      = {Repulsion Loss: Detecting Pedestrians in a Crowd},
    author       = {Xinlong Wang  and  Tete Xiao  and  Yuning Jiang  and  Shuai Shao  and  Jian Sun  and  Chunhua Shen},
    year        = {2018},
    month       = {},
    booktitle   = {IEEE Conference on Computer Vision and Pattern Recognition (CVPR'18)},
    address     = {},
    venue       = {CVPR},
    pages       = {},
    volume      = {},
    publisher   = {},
    eprint      = {1711.07752},
    url         = {},
    project     = {},
    note        = {Others have implemented our paper: [https://github.com/bailvwangzi/repulsion_loss_ssd Repulsion loss in SSD] and [https://github.com/rainofmine/Repulsion_Loss Repulsion loss in RetinaNet]},
} 

