%%% -*-BibTeX-*-
@inproceedings{Wang2021CVPR13,
   author    = {Xinlong Wang  and  Rufeng Zhang  and  Chunhua Shen  and  Tao Kong  and  Lei Li},
   title     = {Dense Contrastive Learning for Self-Supervised Visual Pre-Training},
   booktitle = {IEEE Conference on Computer Vision and Pattern Recognition (CVPR'21)},
   year      = {2021},
   volume    = {},
   month     = {},
   pdf       = {},
   url       = {},
   eprint    = {2011.09157},
   project   = {https://git.io/AdelaiDet},
   venue     = {CVPR},
   note      = {Oral presentation},
} 

