%%% -*-BibTeX-*-
@inproceedings{Wang2020IJCAI,
    title       = {Unsupervised Representation Learning by Predicting Random Distances},
    author      = {Hu Wang and  Guansong Pang and Chunhua Shen and Congbo Ma},
    year        = {2020},
    pages       = {},
    volume      = {},
    publisher   = {},
    eprint      = {1912.12186},
    booktitle   = {International Joint Conferences on Artificial Intelligence (IJCAI'20)},
    address     = {},
    venue       = {IJCAI},
    url         = {},
    project     = {},
    note        = {},
} 

