%%% -*-BibTeX-*-
@inproceedings{Wang2020Soft,
    title       = {Soft Expert Reward Learning for Vision-and-Language Navigation},
    author      = {Hu Wang and Qi Wu and Chunhua Shen},
    year        = {2020},
    pages       = {},
    volume      = {},
    publisher   = {},
    eprint      = {},
    booktitle   = {European Conference on Computer Vision (ECCV'20)},
    address     = {},
    venue       = {ECCV},
    url         = {},
    project     = {},
    note        = {},
} 

