%%% -*-BibTeX-*-
@inproceedings{Wang2020SOLO,
    title       = {{SOLO}: Segmenting Objects by Locations},
    author      = {Xinlong Wang and Tao Kong and Chunhua Shen and Yuning Jiang and Lei Li},
    year        = {2020},
    pages       = {},
    volume      = {},
    publisher   = {},
    eprint      = {1912.04488},
    booktitle   = {European Conference on Computer Vision (ECCV'20)},
    address     = {},
    venue       = {ECCV},
    url         = {},
    project     = {https://github.com/aim-uofa/adet},
    note        = {},
} 

