%%% -*-BibTeX-*-
@inproceedings{Wang2010ACCV,
    author      = {Peng Wang and Chunhua Shen and Nick Barnes and Hong Zheng and Zhang Ren},
    title       = {Asymmetric Totally-corrective Boosting for Real-time Object Detection},
    year        = {2010},
    month       = {November},
    booktitle   = {Asian Conference on Computer Vision (ACCV'10)},
    address     = {New Zealand},
    venue       = {ACCV},
    pages       = {176--188},
    volume      = {6492},
    publisher   = {Lecture Notes in Computer Science (LNCS), Springer-Verlag},
    note        = {Oral presentation.},
    eprint      = {},
    url         = {},
} 

