%%% -*-BibTeX-*-
@article{Wangxy2019CSVT,
    author  = {Xinyu Wang  and  Chunhua Shen  and  Hanxi Li  and  Shugong Xu},
    title   = {Human Detection Aided by Deeply Learned Semantic Masks},
    journal = {IEEE Transactions on Circuits and Systems for Video Technology},
    year    = {2019},
    eprint  = {},
    venue   = {TCSVT},
} 

