%%% -*-BibTeX-*-
@inproceedings{Wang2024AAAI,
   author    = {Jun Wang and  Ying Cui and  Dongyan Guo and  Junxia Li and  Qingshan Liu and  Chunhua Shen},
   title     = {{PointAttN}: You Only Need Attention for Point Cloud Completion},
   booktitle = {AAAI Conference on Artificial Intelligence (AAAI'24)},
   year      = {2024},
   volume    = {},
   month     = {},
   pdf       = {},
   url       = {},
   eprint    = {},
   project   = {},
   venue     = {AAAI},
} 

