%%% -*-BibTeX-*-
@inproceedings{Wang2022Solo,
author    = {Xinlong Wang and 
            Zhiding Yu  and 
            Shalini {De Mello} and 
            Jan Kautz and 
            Anima Anandkumar and Chunhua Shen and Jose  Alvarez},
title     = {{FreeSOLO}: Learning to Segment Objects without Annotations},
booktitle = {IEEE Conference on Computer Vision and Pattern Recognition (CVPR'22)},
year      = {2022},
volume    = {},
month     = {},
pdf       = {},
url       = {},
eprint    = {2202.12181},
project   = {https://git.io/AdelaiDet},
venue     = {CVPR},
} 

