%%% -*-BibTeX-*-
@article{Wang2022CGF,
    author  = {Luyuan Wang  and  Hanyuan Zhang  and  Qinjie Xiao and 
        Hao Xu  and   Chunhua Shen  and  Xiaogang Jin},
    title   = {Effective Eyebrow Matting with Domain Adaptation},
    journal = {Computer Graphics Forum},
    year    = {2022},
    eprint  = {},
    project = {},
    venue   = {CGF},
} 

