%%% -*-BibTeX-*-
@article{Wang2025TPAMI, 
    author   = {Qingsheng Wang and Lingqiao Liu and Chenchen Jing and Peng Wang and Yanning Zhang and Chunhua Shen},
    title    = {Leaning Dual-Stream Conditional Concepts in Compositional Zero-Shot Learning},
    journal  = {IEEE Transactions on Pattern Analysis and Machine Intelligence},
    year     = {2025},
    volume   = {},
    month    = {},
    pdf      = {},
    url      = {},
    eprint   = {},
    venue    = {TPAMI},
} 

