%%% -*-BibTeX-*-
@article{Wang2021PANplus,
    author  = {Wenhai Wang and Enze Xie and Xiang Li and
               Xuebo Liu and Ding Liang and Zhibo Yang and Tong Lu and Chunhua Shen},
    title   = {{PAN++}: Towards Efficient and Accurate End-to-End Spotting of Arbitrarily-Shaped Text},
    journal = {IEEE Transactions on Pattern Analysis and Machine Intelligence},
    year    = {2021},
    eprint  = {2105.00405},
    project = {},
    venue   = {TPAMI},
} 

