%%% -*-BibTeX-*-
@inproceedings{Wang2021CVPR11,
   author    = {Yuqing Wang and  Zhaoliang Xu and
               Xinlong Wang  and Chunhua Shen  and  Baoshan Cheng  and Hao Shen  and  Huaxia Xia},
   title     = {End-to-End Video Instance Segmentation with {T}ransformers},
   booktitle = {IEEE Conference on Computer Vision and Pattern Recognition (CVPR'21)},
   year      = {2021},
   volume    = {},
   month     = {},
   pdf       = {},
   url       = {},
   eprint    = {2011.14503},
   project   = {},
   venue     = {CVPR},
   note      = {Oral presentation},
} 

