%%% -*-BibTeX-*-
@article{Wei2019TKDE,
    author  = {Xiu-Shen Wei  and   Han-Jia Ye  and   Xin Mu  and Jianxin Wu and Chunhua Shen and Zhi-Hua Zhou},
    title   = {Multiple Instance Learning with Emerging Novel Class},
    journal = {IEEE Transactions on Knowledge and Data Engineering},
    year    = {2019},
    eprint  = {},
    venue   = {TKDE},
} 

