%%% -*-BibTeX-*-
@article{Wei2018PR,
    author  = {Xiu-Shen Wei and Chen-Lin Zhang  and  Jianxin Wu   and   Chunhua Shen    and   Zhi-Hua Zhou},
    title   = {Unsupervised Object Discovery and Co-Localization by Deep Descriptor Transforming},
    journal = {Pattern Recognition},
    year    = {2018},
    eprint  = {1707.06397},
    venue   = {PR},
} 

