%%% -*-BibTeX-*-
@article{Wei2017PR,
    author = {Xiu-Shen Wei  and  Chen-Wei Xie and Jianxin Wu and  Chunhua Shen},
    title  = {Mask-{CNN}: Localizing parts and selecting descriptors for bird species categorization},
    journal= {Pattern Recognition},
    year   = {2017},
    eprint = {},
    venue  = {PR},
} 

