%%% -*-BibTeX-*-
@article{Wei2019TIP,
    author  = {Xiu-Shen Wei and Peng Wang and Lingqiao Liu and Chunhua Shen and Jianxin Wu},
    title   = {Piecewise classifier mappings: Learning fine-grained learners for novel categories with few examples},
    journal = {IEEE Transactions on Image Processing},
    year    = {2019},
    eprint  = {1805.04288},
    venue   = {TIP},
} 

