%%% -*-BibTeX-*-
@inproceedings{Weijia2023DDM,
   title     = {{DatasetDM}: Synthesizing Data with Perception Annotations Using Diffusion Models},
   author    = {Weijia Wu and Yuzhong Zhao and Hao Chen and Yuchao Gu and Rui Zhao
                and Yefei He  and  Hong Zhou  and  Mike Zheng Shou  and  Chunhua Shen},
   booktitle = {Advances in Neural Information Processing Systems (NeurIPS'23)},
   year      = {2023},
   volume    = {},
   month     = {December},
   pdf       = {},
   url       = {},
   eprint    = {2308.06160},
   project   = {https://weijiawu.github.io/DatasetDM_page/},
   venue     = {NeurIPS},
} 

