%%% -*-BibTeX-*-
@inproceedings{WeijiawuCVPR2025,
   title    = {{MovieBench}: A Hierarchical Movie Level Dataset for Long Video Generation},
   author   = {Weijia Wu and Mingyu Liu and Zeyu Zhu and Feng Haoen and
               Xi Xia and Wen Wang and Kevin Qinghong Lin and Chunhua Shen 
               and Mike Zheng Shou},
   booktitle = {IEEE Conference on Computer Vision and Pattern Recognition (CVPR'25)},
   year      = {2025},
   volume    = {},
   month     = {},
   pdf       = {},
   url       = {},
   eprint    = {},
   project   = {},
   venue     = {CVPR},
} 

