%%% -*-BibTeX-*-
@article{Weiyin2022TPAMI,
    author  = {Wei Yin  and  Jianming Zhang  and  Oliver Wang  and  Simon Niklaus
               and  Simon Chen  and  Yifan Liu  and  Chunhua Shen},
    title   = {Towards Accurate Reconstruction of {3D} Scene Shape from A Single Monocular Image},
    journal = {IEEE Transactions on Pattern Analysis and Machine Intelligence},
    year    = {2022},
    eprint  = {2208.13241},
    project = {https://github.com/aim-uofa/depth/},
    venue   = {TPAMI},
} 

