%%% -*-BibTeX-*-
@article{Wu2017External,
  author  = {Qi Wu  and   Chunhua Shen   and Peng Wang  and Anthony Dick and Anton {van den Hengel}},
  title   = {Image Captioning and Visual Question Answering Based on Attributes and External Knowledge},
  year    = 2017,
  venue   = {TPAMI},
  journal = {IEEE Transactions on Pattern Analysis and Machine Intelligence},
  eprint  = {1603.02814},
} 

