%%% -*-BibTeX-*-
@article{Wu2017PR,
    author = {Lin Wu and Chunhua Shen and Anton {van den Hengel}},
    title  = {Deep Linear Discriminant Analysis on {F}isher Networks: A Hybrid Architecture for Person Re-identification},
    journal= {Pattern Recognition},
    volume = {},
    number = {},
    year   = {2017},
    url    = {},
    eprint = {1606.01595},
    venue  = {PR},
    project= {},
    note   = {},
} 

