%%% -*-BibTeX-*-
@article{Wu2022transdetr,
  title  = {End-to-End Video Text Spotting with {T}ransformer},
  author = {Weijia Wu and Chunhua Shen and  Yuanqiang Cai and  Debing Zhang and Ying Fu and Ping Luo and Hong Zhou},
  journal= {International Journal of Computer Vision},
  venue  = {IJCV},
  year   = {2024}
} 

