%%% -*-BibTeX-*-
@article{Wu2019PR,
    author  = {Zifeng Wu    and  Chunhua Shen and Anton {van den Hengel}},
    title   = {Wider or Deeper: Revisiting the {ResNet} Model for Visual Recognition},
    journal = {Pattern Recognition},
    year    = {2019},
    eprint  = {1611.10080},
    venue   = {PR},
} 

