%%% -*-BibTeX-*-
@article{Wuwj2025IJCV,
  title  = {Paragraph-to-Image Generation with Information-Enriched Diffusion Model},
  author = {Weijia Wu  and   Zhuang Li  and  Yefei He  and 
      Mike Zheng Shou  and   Chunhua Shen  and  Lele Cheng and  Yan Li and Tingting Gao and Zhang Di},
  journal= {International Journal of Computer Vision},
  venue  = {IJCV},
  eprint = {},
  year   = {2025},
} 

