%%% -*-BibTeX-*-
@article{WXL2021SOLO,
    author  = {Xinlong Wang  and  Rufeng Zhang  and  Chunhua Shen  and  Tao Kong  and  Lei Li},
    title   = {{SOLO}: A Simple Framework for Instance Segmentation},
    journal = {IEEE Transactions on Pattern Analysis and Machine Intelligence},
    year    = {2021},
    eprint  = {2106.15947},
    project = {https://git.io/AdelaiDet},
    venue   = {TPAMI},
} 

