%%% -*-BibTeX-*-
@article{Xi2013TIP,
    author = {Xi Li and Anthony Dick and Chunhua Shen and Zhongfei
        Zhang and Anton {van den Hengel} and Hanzi Wang},
    title  = {Visual Tracking with Spatio-Temporal {Dempster-Shafer} Information Fusion},
    journal= {IEEE Transactions on Image Processing},
    volume = {22},
    number = {8},
    year   = {2013},
    month  = {},
    pages  = {3028--3040},
    eprint = {},
    pdf    = {http://hdl.handle.net/2440/77448},
    venue  = {TIP},
    note   = {},
} 

