%%% -*-BibTeX-*-
@article{Xi2013Survey,
    author = {Xi Li and Weiming Hu and Chunhua Shen and Zhongfei Zhang and Anthony Dick and Anton {van den Hengel}},
    title  = {A Survey of Appearance Models in Visual Object Tracking},
    journal= {ACM Transactions on Intelligent Systems and Technology},
    volume = {4},
    number = {4},
    year   = {2013},
    month  = {},
    pages  = {},
    eprint = {1303.4803},
    url    = {},
    venue  = {TIST},
} 

