%%% -*-BibTeX-*-
@article{Xi2015TPAMI,
    author = {Xi Li  and Chunhua Shen  and Anthony Dick and Zhongfei Zhang and  Yueting Zhuang},
    title  = {Online Metric-Weighted Linear Representations for Robust Visual Tracking},
    journal= {IEEE Transactions on Pattern Analysis and Machine Intelligence},
    volume = {38},
    number = {5},
    year   = {2016},
    url    = {},
    month  = {},
    pages  = {931--950},
    eprint = {1507.05737},
    venue  = {TPAMI},
    project= {},
    note   = {},
} 

