%%% -*-BibTeX-*-
@inproceedings{Xian2018CVPR,
    title      = {Monocular Relative Depth Perception with Web Stereo Data Supervision},
    author       = {Ke Xian and Chunhua Shen and Zhiguo Cao and Hao Lu and Yang Xiao and Ruibo Li and Zhenbo  Luo},
    year        = {2018},
    month       = {},
    booktitle   = {IEEE Conference on Computer Vision and Pattern Recognition (CVPR'18)},
    address     = {},
    venue       = {CVPR},
    pages       = {},
    volume      = {},
    publisher   = {},
    eprint      = {},
    url         = {},
    project     = {},
} 

