%%% -*-BibTeX-*-
@article{Xie2020TMIb,
    author  = {Yutong Xie and Jianpeng Zhang and Hao Lu and Chunhua Shen and Yong Xia},
    title   = {{SESV}: Accurate Medical Image Segmentation by Predicting and Correcting Errors},
    journal = {IEEE Transactions on Medical Imaging},
    year    = {2020},
    eprint  = {},
    project = {},
    venue   = {TMI},
} 

