%%% -*-BibTeX-*-
@article{Xie2023DodNet,
    author  = {Yutong Xie and Jianpeng Zhang and  Yong Xia and  Chunhua Shen},
    title   = {Learning from partially labeled data for multi-organ and tumor segmentation},
    journal = {IEEE Transactions on Pattern Analysis and Machine Intelligence},
    year    = {2023},
    eprint  = {2211.06894},
    project = {https://git.io/DoDNet},
    venue   = {TPAMI},
} 

