%%% -*-BibTeX-*-
@article{Xie2020TMIa,
    author  = {Yutong Xie and Jianpeng Zhang and Yong Xia and Chunhua Shen},
    title   = {A Mutual Bootstrapping Model for Automated Skin Lesion Segmentation and Classification},
    journal = {IEEE Transactions on Medical Imaging},
    year    = {2020},
    eprint  = {1903.03313},
    url     = {},
    venue   = {TMI},
} 

