%%% -*-BibTeX-*-
@inproceedings{Xie2020Segtransp,
    title       = {Segmenting Transparent Objects in the Wild},
    author      = {Enze Xie and  Wenjia Wang and Wenhai Wang  and  Mingyu Ding  and  Chunhua Shen  and  Ping Luo},
    year        = {2020},
    pages       = {},
    volume      = {},
    publisher   = {},
    eprint      = {2003.13948},
    booktitle   = {European Conference on Computer Vision (ECCV'20)},
    address     = {},
    venue       = {ECCV},
    url         = {},
    project     = {},
    note        = {},
} 

