%%% -*-BibTeX-*-
@article{Xie2021Intra,
    author  = {Yutong Xie  and  Jianpeng Zhang  and  Zhibin Liao  and  Johan Verjans  and  Chunhua Shen and Yong Xia},
    title   = {Intra- and Inter-pair Consistency for Semi-supervised Gland Segmentation},
    journal = {IEEE Transactions on Image Processing},
    year    = {2021},
    eprint  = {},
    project = {},
    venue   = {TIP},
} 

