%%% -*-BibTeX-*-
@article{XiY2023IJCV,
    author  = {Yuling Xi and Hao Chen and Ning Wang and Peng Wang and Yanning Zhang and Chunhua Shen and Yifan Liu},
    title   = {A Dynamic Feature Interaction Framework for Multi-task Visual Perception},
    journal = {International Journal of Computer Vision},
    year    = {2023},
    eprint  = {},
    url     = {},
    project = {},
    venue   = {IJCV},
} 

