%%% -*-BibTeX-*-
@inproceedings{Xu2025ICLR,
    title    = {What Matters When Repurposing Diffusion Models for General Dense Perception Tasks?},
    author   = {Guangkai Xu and Yongtao Ge and Mingyu Liu and Chengxiang Fan and Kangyang Xie and Zhiyue Zhao and Hao Chen and Chunhua Shen},
    booktitle= {International Conference on Learning Representations (ICLR'25)},
    year     = {2025},
    volume   = {},
    month    = {},
    pdf      = {},
    url      = {},
    eprint   = {},
    project  = {},
    venue    = {ICLR},
} 

