%%% -*-BibTeX-*-
@inproceedings{XuG2023ICCV,
   author    = {Guangkai Xu  and 
                Wei Yin      and  
                Hao Chen     and 
                Chunhua Shen and 
                Kai Cheng    and 
                Feng Zhao},
   title     = {Pose-free 3D Scene Reconstruction with Frozen Depth Models},
   booktitle = {IEEE International Conference on Computer Vision (ICCV'23)},
   year      = {2023},
   volume    = {},
   month     = {},
   pdf       = {},
   url       = {},
   eprint    = {},
   project   = {},
   venue     = {ICCV},
}  

