%%% -*-BibTeX-*-
@article{Yan2020TMM,
    author  = {Yan Yan  and   Ying Huang  and  Si Chen  and   Chunhua Shen  and   Hanzi Wang},
    title   = {Joint deep learning of facial expression synthesis and recognition},
    journal = {IEEE Transactions on Multimedia},
    year    = {2020},
    eprint  = {},
    url     = {},
    venue   = {TMM},
} 

