%%% -*-BibTeX-*-
@inproceedings{Yan2021ICCVBVPerson,
   author    = {Cheng Yan  and   Guansong Pang  and   Lei Wang   and   Jile Jiao  and   Xuetao Feng  and   Chunhua Shen and Jingjing Li},
   title     = {{BV-Person}: A Large-scale Dataset for Bird-view Person Re-identification},
   booktitle = {IEEE International Conference on Computer Vision (ICCV'21)},
   year      = {2021},
   volume    = {},
   month     = {},
   pdf       = {},
   url       = {},
   eprint    = {},
   project   = {},
   venue     = {ICCV},
} 

