%%% -*-BibTeX-*-
@inproceedings{Yan2021ICCVOccl,
   author    = {Cheng Yan  and  Guansong Pang  and  Jile Jiao  and  Xiao Bai  and  Xuetao Feng and Chunhua Shen},
   title     = {Occluded Person Re-Identification with Single-scale Global Representations},
   booktitle = {IEEE International Conference on Computer Vision (ICCV'21)},
   year      = {2021},
   volume    = {},
   month     = {},
   pdf       = {},
   url       = {},
   eprint    = {},
   project   = {},
   note      = {Oral presentation},
   venue     = {ICCV},
} 

