%%% -*-BibTeX-*-
@inproceedings{Yan2025TGLLaVA,
   title     = {{TG-LLaVA}: Text Guided LLaVA via Learnable Latent Embeddings},
   author    = {Dawei Yan and Pengcheng Li and Yang Li and
       Hao Chen and Qingguo Chen and Weihua Luo and Wei Dong and Qingsen Yan and Haokui Zhang and Chunhua Shen},
   booktitle = {AAAI Conference on Artificial Intelligence (AAAI'25)},
   year      = {2025},
   volume    = {},
   month     = {},
   pdf       = {},
   url       = {},
   eprint    = {2409.09564},
   project   = {},
   venue     = {AAAI},
} 

