%%% -*-BibTeX-*-
@article{Yan2014TIPa,
    author = {Yan Yan and Chunhua Shen and Hanzi Wang},
    title  = {Efficient Semidefinite Spectral Clustering via {L}agrange Duality},
    journal= {IEEE Transactions on Image Processing},
    volume = {23},
    number = {8},
    year   = {2014},
    url    = {},
    month  = {},
    pages  = {3522--3534},
    eprint = {1402.5497},
    venue  = {TIP},
    note   = {},
} 

