%%% -*-BibTeX-*-
@article{Yan2021Ghostfree,
    author  = {Qingsen Yan and  Dong Gong and  Qinfeng Shi and  Anton {van den Hengel} and Chunhua Shen and Ian Reid and Yanning Zhang},
    title   = {A Dual-Attention-guided network for ghost-free high dynamic range imaging},
    journal = {International Journal of Computer Vision},
    year    = {2021},
    eprint  = {},
    project = {},
    venue   = {IJCV},
} 

