%%% -*-BibTeX-*-
@article{YAN2023IJCVSPL,
    author  = {Yan Yan  and  Ying Shu  and  Si Chen  and  Jing-Hao Xue  and  Chunhua Shen and Hanzi Wang},
    title   = {{SPL-Net}: Spatial-Semantic Patch Learning Network for Facial Attribute Recognition with Limited Labeled Data},
    journal = {International Journal of Computer Vision},
    year    = {2023},
    eprint  = {},
    url     = {},
    project = {},
    venue   = {IJCV},
}   

