%%% -*-BibTeX-*-
@inproceedings{Yang2025ICLR,
    title    = {Depth Any Video with Scalable Synthetic Data},
    author   = {Honghui Yang and Di Huang and Wei Yin and Chunhua Shen and 
        Haifeng Liu and Xiaofei He and Binbin Lin and Wanli Ouyang and Tong Hi},
    booktitle= {International Conference on Learning Representations (ICLR'25)},
    year     = {2025},
    volume   = {},
    month    = {},
    pdf      = {},
    url      = {},
    eprint   = {},
    project  = {},
    venue    = {ICLR},
} 

