%%% -*-BibTeX-*-
@inproceedings{Yang2024ICLR,
   author    = {Zhen Yang and  Dinggang Gui  and   Wen Wang  and  Hao Chen and Bohan Zhuang and Chunhua Shen},
   title     = {Object-aware Inversion and Reassembly for Image Editing},
   booktitle = {International Conference on Learning Representations (ICLR'24)},
   year      = {2024},
   volume    = {},
   month     = {},
   pdf       = {},
   url       = {https://openreview.net/forum?id=dpcVXiMlcv},
   eprint    = {2310.12149},
   project   = {https://aim-uofa.github.io/OIR-Diffusion/},
   venue     = {ICLR},
}  

