%%% -*-BibTeX-*-
@inproceedings{Yang2025ICCV,
   author    = {Yang Liu     and
                Yufei Yin    and
                Chenchen Jin and
                Muzhi Zhu    and
                Hao Chen     and
                Yuling Xi    and  Bo Feng and Hao Wang and Shiyu Li and Chunhua Shen},
   title     = {Unified Open-World Segmentation with Multi-Modal Prompts},
   booktitle = {IEEE International Conference on Computer Vision (ICCV'25)},
   year      = {2025},
   volume    = {},
   month     = {},
   pdf       = {},
   url       = {},
   eprint    = {},
   project   = {},
   venue     = {ICCV},
} 

