%%% -*-BibTeX-*-
@inproceedings{YangLiu2024Simple,
   title     = {A Simple Image Segmentation Framework via In-Context Examples},
   author    = {Yang Liu and  Chenchen Jing and  Hengtao Li and Muzhi Zhu and Hao Chen and Xinlong Wang and Chunhua Shen},
   booktitle = {Advances in Neural Information Processing Systems (NeurIPS'24)},
   year      = {2024},
   volume    = {},
   month     = {December},
   pdf       = {},
   url       = {},
   eprint    = {2410.04842},
   project   = {https://github.com/aim-uofa/SINE},
   venue     = {NeurIPS},
} 

