%%% -*-BibTeX-*-
@article{Yao2018TCSVT,
    author = {Rui Yao and Guosheng Lin and Chunhua Shen and Yanning Zhang and  Qinfeng Shi},
    title  = {Semantics-Aware Visual Object Tracking},
    journal= {IEEE Transactions on Circuits and Systems for Video Technology},
    year   = {2018},
    eprint = {},
    venue  = {TCSVT},
} 

