%%% -*-BibTeX-*-
@article{Yao2016IJCV,
    author = {Yao Li and Lingqiao Liu and Chunhua Shen and Anton {van den Hengel}},
    title  = {Mining Mid-level Visual Patterns with Deep {CNN} Activations},
    journal= {International Journal of Computer Vision},
    volume = {},
    number = {},
    year   = {2016},
    url    = {http://rdcu.be/j1mA},
    month  = {},
    pages  = {},
    eprint = {1506.06343},
    venue  = {IJCV},
    project= {https://github.com/yaoliUoA/MDPM},
    note   = {},
} 

