%%% -*-BibTeX-*-
@article{Yin2021PAMIvn,
    author  = {Wei Yin and Yifan Liu and Chunhua Shen},
    title   = {Virtual Normal: Enforcing Geometric Constraints for Accurate and Robust Depth Prediction},
    journal = {IEEE Transactions on Pattern Analysis and Machine Intelligence},
    year    = {2021},
    eprint  = {2103.04216},
    project = {https://git.io/Depth},
    venue   = {TPAMI},
} 

