%%% -*-BibTeX-*-
@article{Yin2024SIW,
  author = {Wei Yin and  Yifan Liu  and  Chunhua Shen and  Baichuan Sun and Anton {van den Hengel} },
  title  = {Scaling Up Multi-domain Semantic Segmentation with Sentence Embeddings},
  journal= {International Journal of Computer Vision},
  venue  = {IJCV},
  year   = {2024}
} 

