%%% -*-BibTeX-*-
@inproceedings{Yinwei2023ICCV,
   author    = {Wei Yin and Chi Zhang and Hao Chen and Zhipeng Cai and Gang Yu and Kaixuan Wang and Xiaozhi Chen and Chunhua Shen},
   title     = {{Metric3D}: Towards Zero-shot Metric 3D Prediction from A Single Image},
   booktitle = {IEEE International Conference on Computer Vision (ICCV'23)},
   year      = {2023},
   volume    = {},
   month     = {},
   pdf       = {},
   url       = {},
   eprint    = {2307.10984},
   project   = {},
   venue     = {ICCV},
}  

