%%% -*-BibTeX-*-
@article{YLiu2025IJCV,
   author    = {Yang Liu and Muzhi Zhu and Hao Chen and Xinlong Wang and Bo Feng and Hao Wang 
       and Shiyu Li and Raviteja Vemulapalli and Chunhua Shen},
   title     = {Segment Anything in Context with Vision Foundation Models},
   journal   = {International Journal of Computer Vision},
   year      = {2025},
   volume    = {},
   month     = {},
   pdf       = {},
   url       = {},
   eprint    = {},
   project   = {},
   venue     = {IJCV},
} 

