%%% -*-BibTeX-*-
@article{You2018T-ITS,
    title  = {An extended filtered channel framework for pedestrian detection},
    author = {Minyu You and Yubin Zhang and Chunhua Shen and Xinyu Zhang},
    journal= {IEEE Transactions on Intelligent Transportation Systems},
    year   = {2018},
    eprint = {},
    venue  = {T-ITS},
    volume = {19},
    pages  = {1640--1651},
} 

