%%% -*-BibTeX-*-
@article{Yu2021BiSegV2,
    author  = {Changqian Yu and Changxin Gao and Jingbo Wang and
               Gang Yu and Chunhua Shen and Nong Sang},
    title   = {{BiSeNet} v2: Bilateral Network with Guided Aggregation for Real-time Semantic Segmentation},
    journal = {International Journal of Computer Vision},
    year    = {2021},
    eprint  = {2004.02147},
    project = {},
    venue   = {IJCV},
} 

