%%% -*-BibTeX-*-
@inproceedings{Yu2020RepGraphNet,
    title       = {Representative Graph Neural Network},
    author      = {Changqian Yu and Yifan Liu and Changxin Gao and Chunhua Shen and Nong Sang},
    year        = {2020},
    pages       = {},
    volume      = {},
    publisher   = {},
    eprint      = {2008.05202},
    booktitle   = {European Conference on Computer Vision (ECCV'20)},
    address     = {},
    venue       = {ECCV},
    url         = {},
    project     = {https://github.com/ycszen/RepGraph},
    note        = {},
} 

