%%% -*-BibTeX-*-
@inproceedings{Yuan2021ICCVSimple,
   author    = {Jianlong Yuan and  Yifan Liu and  Chunhua Shen and  Zhibin Wang and  Hao Li},
   title     = {A Simple Baseline for Semi-supervised Semantic Segmentation with Strong Data Augmentation},
   booktitle = {IEEE International Conference on Computer Vision (ICCV'21)},
   year      = {2021},
   volume    = {},
   month     = {},
   pdf       = {},
   url       = {},
   eprint    = {2104.07256},
   project   = {},
   venue     = {ICCV},
} 

