%%% -*-BibTeX-*-
@inproceedings{YXie2020MICCAI,
    title       = {Pairwise Relation Learning for Semi-supervised Gland Segmentation},
    author      = {Yutong Xie  and
                   Jianpeng Zhang and
                   Zhibin Liao and
                   Chunhua Shen and
                   Johan Verjans and Yong Xia},
    year        = {2020},
    pages       = {},
    volume      = {},
    publisher   = {},
    eprint      = {},
    booktitle   = {International Conference on Medical Image Computing and Computer Assisted Intervention (MICCAI'20)},
    address     = {},
    venue       = {MICCAI},
    url         = {},
    project     = {},
    note        = {},
} 

