%%% -*-BibTeX-*-
@inproceedings{YXie2021MICCAI,
    title       = { {CoTr}: Efficient {3D} Medical Image Segmentation by bridging {CNN} and Transformer},
    author      = {Yutong Xie  and
                   Jianpeng Zhang and
                   Chunhua Shen and
                   Yong Xia},
    year        = {2021},
    pages       = {},
    volume      = {},
    publisher   = {},
    eprint      = {},
    booktitle   = {International Conference on Medical Image Computing and Computer Assisted Intervention (MICCAI'21)},
    address     = {},
    venue       = {MICCAI},
    url         = {},
    project     = {https://github.com/YtongXie/CoTr},
    note        = {},
} 

