%%% -*-BibTeX-*-
@inproceedings{YZhao2023ICCV,
   author    = {Yuzhong Zhao and Qixiang Ye and Weijia Wu and Chunhua Shen and Fang Wan},
   title     = {Generative Prompt Model for Weakly Supervised Object Localization},
   booktitle = {IEEE International Conference on Computer Vision (ICCV'23)},
   year      = {2023},
   volume    = {},
   month     = {},
   pdf       = {},
   url       = {},
   eprint    = {2307.09756},
   project   = {},
   venue     = {ICCV},
} 

