%%% -*-BibTeX-*-
@inproceedings{ZhangC2023ICCV,
   author    = {
        Chi Zhang and
        Wei Yin   and  
        Gang Yu   and 
        Zhibin Wang and 
        Tao Chen    and 
        Bin Fu      and 
        Joey Tianyi Zhou and  
        Chunhua Shen},  
   title    = {Robust Geometry-Preserving Depth Estimation Using Differentiable Rendering},    
   booktitle = {IEEE International Conference on Computer Vision (ICCV'23)},
   year      = {2023},
   volume    = {},
   month     = {},
   pdf       = {},
   url       = {},
   eprint    = {},
   project   = {},
   venue     = {ICCV},
   } 

