%%% -*-BibTeX-*-
@article{Zhang2018IJCV,
    title  = {Cluster Sparsity Field: An Internal Hyperspectral Imagery Prior for Reconstruction},
    author = {Lei Zhang  and   Wei Wei  and   Yanning Zhang  and  Chunhua Shen  and  Anton {van den Hengel} and Qinfeng Shi},
    journal= {International Journal of Computer Vision},
    year   = {2018},
    eprint = {},
    venue  = {IJCV},
    pdf    = {https://www.researchgate.net/publication/323914969_Cluster_Sparsity_Field_An_Internal_Hyperspectral_Imagery_Prior_for_Reconstruction},
} 

