%%% -*-BibTeX-*-
@article{Zhang2018TCSVT,
    author = {Lei Zhang  and   Peng Wang  and   Wei Wei  and  Hao Lu  and   Chunhua Shen  and  Anton {van den Hengel} and Yanning Zhang},
    title  = {Unsupervised Domain Adaptation Using Robust Class-Wise Matching},
    journal= {IEEE Transactions on Circuits and Systems for Video Technology},
    year   = {2018},
    eprint = {},
    venue  = {TCSVT},
} 

