%%% -*-BibTeX-*-
@article{Zhang2018TMM,
    author = {Junjie Zhang  and   Qi Wu  and Chunhua Shen  and Jian Zhang  and Jianfeng Lu},
    title  = {Multi-Label Image Classification with Regional Latent Semantic Dependencies},
    journal= {IEEE Transactions on Multimedia},
    year   = {2018},
    eprint = {1612.01082},
    venue  = {TMM},
} 

