%%% -*-BibTeX-*-
@article{Zhang2019Attn,
    author  = {Jianpeng Zhang and Yutong Xie  and  Yong Xia   and  Chunhua Shen},
    title   = {Attention residual learning for skin lesion classification},
    journal = {IEEE Transactions on Medical Imaging},
    year    = {2019},
    eprint  = {},
    venue   = {TMI},
} 

