%%% -*-BibTeX-*-
@inproceedings{Zhang2022ViTb,
   author    = {Bowen Zhang and Zhi Tian   and  Quan Tang and Xiangxiang Chu and Xiaolin Wei and  Chunhua Shen and Yifan Liu},
   title     = {{SegViT}: Semantic Segmentation with Plain Vision Transformers},
   booktitle = {Advances in Neural Information Processing Systems (NeurIPS'22)},
   year      = {2022},
   volume    = {},
   month     = {December},
   pdf       = {},
   url       = {},
   eprint    = {},
   project   = {},
   venue     = {NeurIPS},
} 

