%%% -*-BibTeX-*-
@article{Zhang2019Salient,
    author  = {Pingping Zhang  and  Wei Liu  and   Huchuan Lu  and  Chunhua Shen},
    title   = {Salient Object Detection with Lossless Feature Reflection and Weighted Structural Loss},
    journal = {IEEE Transactions on Image Processing},
    year    = {2019},
    eprint  = {},
    venue   = {TIP},
} 

