%%% -*-BibTeX-*-
@article{Zhangx2020T-ITS,
    title  = {Part-Guided Attention Learning for Vehicle Instance Retrieval},
    author = {Xinyu Zhang and Rufeng Zhang and Jiewei Cao and Dong Gong and Mingyu You and Chunhua Shen},
    journal = {IEEE Transactions on  Intelligent Transportation Systems},
    year    = {2020},
    eprint  = {1909.06023},
    project = {},
    venue   = {T-ITS},
} 

