%%% -*-BibTeX-*-
@article{Zhang2016TGSE,
    author = {Lei Zhang and Wei Wei and Yanning Zhang and Chunhua Shen and  Anton {van den Hengel} and Qinfeng Shi},
    title  = {Dictionary Learning for Promoting Structured Sparsity in Hyerpsectral Compressive Sensing},
    journal= {IEEE Transactions on Geoscience and Remote Sensing},
    volume = {54},
    number = {12},
    year   = {2016},
    url    = {},
    month  = {},
    pages  = {7223--7235},
    eprint = {},
    venue  = {TGRS},
    project= {},
    note   = {},
} 

