%%% -*-BibTeX-*-
@article{Zhang2019PR,
    author  = {Junjie Zhang and Qi Wu and Jian Zhang and Chunhua Shen and Jianfeng Lu and Qiang Wu},
    title   = {Heritage Image Annotation via Collective Knowledge},
    journal = {Pattern Recognition},
    year    = {2019},
    eprint  = {},
    venue   = {PR},
} 

