%%% -*-BibTeX-*-
@article{Zhang2023SegVITv2,
    author  = {Bowen Zhang and  Liyang Liu and  Minh Hieu Phan and  Zhi Tian  and  Chunhua Shen and Yifan Liu},
    title   = {{SegViT} v2: Exploring Efficient and Continual Semantic Segmentation with Plain Vision Transformers},
    journal = {International Journal of Computer Vision},
    year    = {2023},
    eprint  = {2306.06289},
    project = {https://github.com/zbwxp/SegVit},
    venue   = {IJCV},
}  

