%%% -*-BibTeX-*-
@inproceedings{Zhang2018IJCAI,
    title      = {Salient Object Detection by Lossless Feature Reflection},
    author       = {Pingping Zhang  and  Wei Liu  and  Huchuan Lu  and   Chunhua Shen},
    year        = {2018},
    month       = {},
    booktitle   = {International Joint Conference on Artificial Intelligence (IJCAI'18)},
    address     = {},
    venue       = {IJCAI},
    pages       = {},
    volume      = {},
    publisher   = {},
    eprint      = {1802.06527},
    url         = {},
    project     = {},
} 

