%%% -*-BibTeX-*-
@inproceedings{Zhang2025ICCV,
   author    = {Songyan Zhang and Yongtao Ge and Jinyuan Tian and Guangkai Xu 
                and Hao Chen and Chen Lv and Chunhua Shen},
   title     = {POMATO: Marrying Pointmap Matching with Temporal Motions for Dynamic {3D} Reconstruction},
   booktitle = {IEEE International Conference on Computer Vision (ICCV'25)},
   year      = {2025},
   volume    = {},
   month     = {},
   pdf       = {},
   url       = {},
   eprint    = {2504.05692},
   project   = {https://github.com/wyddmw/POMATO},
   venue     = {ICCV},
} 

