%%% -*-BibTeX-*-
@article{Zhang2020TNNLS,
    author  = {Lei Zhang and Wei Wei and Qinfeng Shi and Chunhua Shen and Anton
    {van den Hengel} and Yanning Zhang},
    title   = {Accurate Tensor Completion via Adaptive Low-Rank Representation},
    journal = {IEEE Transactions on Neural Networks and Learning Systems},
    year    = {2020},
    eprint  = {},
    venue   = {TNN},
} 

