%%% -*-BibTeX-*-
@inproceedings{Zhang2021CVPR1,
   author    = {Jianpeng Zhang  and  Yutong Xie  and  Yong Xia   and  Chunhua Shen},
   title     = {{DoDNet}: Learning to segment multi-organ and tumors from multiple partially labeled datasets},
   booktitle = {IEEE Conference on Computer Vision and Pattern Recognition (CVPR'21)},
   year      = {2021},
   volume    = {},
   month     = {},
   pdf       = {},
   url       = {},
   eprint    = {2011.10217},
   project   = {https://github.com/aim-uofa/partially-labelled},
   venue     = {CVPR},
} 

