%%% -*-BibTeX-*-
@article{Zhang2020OrderlessReID,
    author  = {Le Zhang and
               Zenglin Shi and
               Joey Tianyi Zhou and
               Ming-Ming Cheng and
               Yun Liu and
               Jia-Wang Bian and Zeng Zeng and Chunhua Shen},
    title   = {Ordered or Orderless: A Revisit for Video based Person Re-Identification},
    journal = {IEEE Transactions on Pattern Analysis and Machine Intelligence},
    year    = {2020},
    eprint  = {1912.11236},
    url     = {https://doi.org/10.1109/TPAMI.2020.2976969},
    project = {https://github.com/ZhangLeUestc/VideoReid-TPAMI2020},
    venue   = {TPAMI},
} 

