%%% -*-BibTeX-*-
@article{Zhang2020Zeroshot,
    author  = {Lei Zhang and  Peng Wang and  Lingqiao Liu and  Chunhua Shen and  Wei Wei and  Yanning Zhang and  Anton {van den Hengel}},
    title   = {Towards Effective Deep Embedding for Zero-Shot Learning},
    journal = {IEEE Transactions on Circuits and Systems for Video Technology},
    year    = {2020},
    eprint  = {},
    url     = {},
    venue   = {TCSVT},
} 

