%%% -*-BibTeX-*-
@article{Zhang2020Covid,
    author  = {Jianpeng Zhang and  Yutong Xie and 
                Zhibin Liao and  Guansong Pang and  Johan Verjans and Wenxin Li and 
                Zongji Sun and  Jian He and  Yi Li and  Chunhua Shen and  Yong Xia},
    title   = {Viral Pneumonia Screening on Chest X-ray Images Using Confidence-Aware Anomaly Detection},
    journal = {IEEE Transactions on Medical Imaging},
    year    = {2020},
    eprint  = {2003.12338},
    project = {},
    venue   = {TMI},
} 

