%%% -*-BibTeX-*-
@inproceedings{ZhangPerson2021AAAI,
   author    = {Xinyu Zhang and Xinlong Wang  and  Jia-Wang Bian   and  Chunhua Shen and Minyu You},
   title     = {Diverse Knowledge Distillation for End-to-end Person Search},
   booktitle = {AAAI Conference on Artificial Intelligence (AAAI'21)},
   year      = {2021},
   volume    = {},
   month     = {},
   pdf       = {},
   url       = {},
   eprint    = {},
   project   = {},
   venue     = {AAAI},
} 

