%%% -*-BibTeX-*-
@inproceedings{Zhang2022DENSE,
   author    = {Jie Zhang and Chen Chen and Bo Li and Lingjuan Lyu 
                and  Shuang Wu and Shouhong Ding and Chunhua Shen and Chao Wu},
   title     = {{DENSE}: Data-Free One-Shot Federated Learning},
   booktitle = {Advances in Neural Information Processing Systems (NeurIPS'22)},
   year      = {2022},
   volume    = {},
   month     = {December},
   pdf       = {},
   url       = {},
   eprint    = {},
   project   = {},
   venue     = {NeurIPS},
} 

