%%% -*-BibTeX-*-
@article{Zhang2019Lightweight,
    author  = {Haokui Zhang  and   Ying Li  and   Yenan Jiang  and  Peng Wang  and  Qiang Shen  and  Chunhua Shen},
    title   = {Hyperspectral Classification Based on Lightweight {3D-CNN} With Transfer Learning},
    journal = {IEEE Transactions on Geoscience and Remote Sensing},
    year    = {2019},
    eprint  = {},
    venue   = {TGRS},
} 

