%%% -*-BibTeX-*-
@inproceedings{Zhang2018ECCV,
    title      = {Goal-Oriented Visual Question Generation via Intermediate Rewards},
    author       = {Junjie Zhang  and  Qi Wu  and  Chunhua Shen  and Jian Zhang  and  Jianfeng Lu  and  Anton {van den Hengel}},
    year        = {2018},
    month       = {},
    booktitle   = {European Conference on Computer Vision (ECCV'18)},
    address     = {},
    venue       = {ECCV},
    pages       = {},
    volume      = {},
    publisher   = {},
    eprint      = {1711.07614},
    url         = {},
    project     = {},
} 

