%%% -*-BibTeX-*-
@article{Zhang2019Accurate,
    author  = {Lei Zhang and Wei Wei and   Qiang Shen  and  Chunhua Shen and Anton {van den Hengel}},
    title   = {Accurate Imagery Recovery Using a Multi-Observation Patch Model},
    journal = {Information Sciences},
    year    = {2019},
    eprint  = {},
    venue   = {IS},
} 

