%%% -*-BibTeX-*-
@inproceedgins{Zhao2025ICLR,
    title    = {{MovieDreamer}: Hierarchical Generation for Coherent Long Visual Sequences},
    author   = {Canyu Zhao and Mingyu Liu and Wen Wang and Weihua Chen and Fan Wang and Hao Chen and Bo Zhang and Chunhua Shen},
    booktitle= {International Conference on Learning Representations (ICLR'25)},
    year     = {2025},
    volume   = {},
    month    = {},
    pdf      = {},
    url      = {},
    eprint   = {},
    project  = {},
    venue    = {ICLR},
} 

