%%% -*-BibTeX-*-
@article{Zhao2021PRLearning,
    author  = {Yang Zhao  and  Xiaohan Yu  and  Yongsheng Gao and Chunhua Shen},
    title   = {Learning Discriminative Region Representation for Person Retrieval},
    journal = {Pattern Recognition},
    year    = {2021},
    eprint  = {},
    project = {},
    venue   = {PR},
} 

