%%% -*-BibTeX-*-
@article{Zhao2015TNN,
    author = {Xueyi Zhao and Xi Li and  Zhongfei Zhang and Chunhua Shen and Lixin Gao and Xuelong Li},
    title  = {Scalable Linear Visual Feature Learning via Online Parallel Nonnegative Matrix Factorization},
    journal= {IEEE Transactions on Neural Networks and Learning Systems},
    volume = {},
    number = {},
    year   = {2016},
    url    = {http://dx.doi.org/10.1109/TNNLS.2015.2499273},
    month  = {},
    pages  = {},
    eprint = {},
    venue  = {TNN},
    project= {},
    note   = {},
} 

