%%% -*-BibTeX-*-
@article{Zhao2021PR1,
    author  = {Yang Zhao and 
        Chunhua Shen and 
            Xiaohan Yu and  Hao Chen and  Yongsheng Gao and Shengwu Xiong},
    title   = {Learning Deep Part-Aware Embedding for Person Retrieval},
    journal = {Pattern Recognition},
    year    = {2021},
    eprint  = {},
    project = {},
    venue   = {PR},
} 

