%%% -*-BibTeX-*-
@article{Zhao2019Structural,
    author  = {Yanzhu Zhao  and  Chunhua Shen  and  Huibing Wang  and  Shengyong Chen},
    title   = {Structural Analysis of Attributes for Vehicle Re-identification and Retrieval},
    journal = {IEEE Transactions on Intelligent Transportation Systems},
    year    = {2019},
    eprint  = {},
    venue   = {T-ITS},
} 

