%%% -*-BibTeX-*-
@inproceedings{Zheng2010ACCV,
    author      = {Yongbin Zheng and Chunhua Shen and Richard Hartley and Xinsheng Huang},
    title       = {Pyramid Center-symmetric Local Binary, Trinary Patterns for Effective Pedestrian Detection},
    year        = {2010},
    month       = {November},
    booktitle   = {Asian Conference on Computer Vision (ACCV'10)},
    address     = {New Zealand},
    venue       = {ACCV},
    pages       = {281--292},
    volume      = {6495},
    publisher   = {Lecture Notes in Computer Science (LNCS), Springer-Verlag},
    note        = {},
    eprint      = {},
    pdf         = {http://goo.gl/5Cthse},
} 

