%%% -*-BibTeX-*-
@article{Zhou2010FS,
    author  = {Luping Zhou  and Lei Wang and Chunhua Shen},
    title   = {Feature Selection With Redundancy-Constrained Class Separability},
    journal = {IEEE Transactions on Neural Networks},
    volume  = {21},
    year    = {2010},
    number  = {5},
    pages   = {853--858},
    pdf     = {},
    url     = {http://dx.doi.org/10.1109/TNN.2010.2044189},
    venue   = {TNN},
} 

