%%% -*-BibTeX-*-
@article{Zhou2020TPAMIZhou,
    author  = {Yiyi Zhou and Rongrong Ji and Jinsong Su and
                Xiaoshuai Sun and Deyu Meng and Yue Gao and Chunhua Shen},
    title   = {Plenty Is Plague: Fine-Grained Learning for Visual Question Answering},
    journal = {IEEE Transactions on Pattern Analysis and Machine Intelligence},
    year    = {2020},
    eprint  = {},
    url     = {https://doi.org/10.1109/TPAMI.2019.2956699},
    venue   = {TPAMI},
} 

