%%% -*-BibTeX-*-
@inproceedings{Zhou2010MICCAI,
   author    = {Luping Zhou and Lei Wang and Chunhua Shen and Nick Barnes},
   title     = {Hippocampal shape classification using redundancy constrained feature selection},
   booktitle = {International Conference on Medical Image Computing and Computer Assisted Intervention (MICCAI'10)},
   year      = {2010},
   pages     = {266--273},
   volume    = {6362},
   address   = {Beijing, China},
   month     = {September},
   publisher = {LNCS, Springer},
   url       = {},
   eprint    = {},
   pdf       = {},
   note      = {},
   venue     = {MICCAI},
} 

