%%% -*-BibTeX-*-
@article{Zhu2025TPAMIPonderV2,
   title  = {{PonderV2}: Pave the Way for {3D} Foundation Model with A Universal Pre-training Paradigm},
   author = {Haoyi Zhu and Honghui Yang and Xiaoyang Wu and Di Huang and Sha Zhang and Xianglong He and Hengshuang Zhao and Chunhua Shen and Yu Qiao and Tong He and Wanli Ouyang},
   journal= {IEEE Transactions on Pattern Analysis and Machine Intelligence},
   year   = {2025},
   volume = {},
   month  = {},
   pdf    = {},
   url    = {},
   eprint = {},
   project= {},
   venue  = {TPAMI},
} 

