%%% -*-BibTeX-*-
@inproceedings{Zhu2024ICML,
   author    = {Muzhi Zhu and Chengxiang Fan and Hao Chen and Yang Liu and Weian Mao and Xiaogang Xu and Chunhua Shen}, 
   title     = {Generative Active Learning for Long-tailed Instance Segmentation},
   booktitle = {International Conference on Machine Learning (ICML'24)},
   year      = {2024},
   volume    = {},
   month     = {},
   pdf       = {},
   eprint    = {},
   project   = {},
   venue     = {ICML},
   note      = {}, 
}  

