%%% -*-BibTeX-*-
@inproceedings{Zhu2025CVPR,
   title    = {{SegAgent}: Exploring Pixel Understanding Capabilities in MLLMs by Imitating Human Annotator Trajectories},
   author   = {Muzhi Zhu and Yuzhuo Tian and Hao Chen and Chunluan Zhou and Qingpei Guo and Yang Liu and Ming Yang and Chunhua Shen},
   booktitle= {IEEE Conference on Computer Vision and Pattern Recognition (CVPR'25)},
   year     = {2025},
   volume   = {},
   month    = {},
   pdf      = {},
   url      = {},
   eprint   = {},
   project  = {},
   venue    = {CVPR},
} 

