%%% -*-BibTeX-*-
@inproceedings{Zhu2023ICCV,
   author    = {Muzhi Zhu      and  
                Hengtao Li     and 
                Hao Chen       and 
                Chengxiang Fan and 
                Weian Mao      and 
                Chenchen Jing  and 
                Yifan Liu      and 
                Chunhua Shen},
   title     = {SegPrompt: Boosting Open-World Segmentation via Category-level Prompt Learning},
   booktitle = {IEEE International Conference on Computer Vision (ICCV'23)},
   year      = {2023},
   volume    = {},
   month     = {},
   pdf       = {},
   url       = {},
   eprint    = {},
   project   = {},
   venue     = {ICCV},
} 

