%%% -*-BibTeX-*-
@inproceedings{Zhu2025ICCV,
   author    = {Jiawen Zhu and Yew-Soon Ong and Chunhua Shen and Guansong Pang},
   title     = {Fine-grained Abnormality Prompt Learning for Zero-shot Anomaly Detection},
   booktitle = {IEEE International Conference on Computer Vision (ICCV'25)},
   year      = {2025},
   volume    = {},
   month     = {},
   pdf       = {},
   eprint    = {2410.10289},
   project   = {},
   venue     = {ICCV},
} 

