%%% -*-BibTeX-*-
@inproceedings{Zhuang2018CVPR_b,
    title      = {Towards Effective Low-bitwidth Convolutional Neural Networks},
    author       = {Bohan Zhuang and  Chunhua Shen  and Mingkui Tan and Lingqiao Liu and  Ian Reid},
    year        = {2018},
    month       = {},
    booktitle   = {IEEE Conference on Computer Vision and Pattern Recognition (CVPR'18)},
    address     = {},
    venue       = {CVPR},
    pages       = {},
    volume      = {},
    publisher   = {},
    eprint      = {1711.00205},
    url         = {},
    project     = {},
} 

