%%% -*-BibTeX-*-
@article{Zhuang2021Quantization,
    author  = {Bohan Zhuang  and  Jing Liu  and  Mingkui Tan  and  Lingqiao Liu  and  Ian Reid and  Chunhua Shen},
    title   = {Effective Training of Convolutional Neural Networks with Low-bitwidth Weights and Activations},
    journal = {IEEE Transactions on Pattern Analysis and Machine Intelligence},
    year    = {2021},
    eprint  = {1908.04680},
    project = {},
    venue   = {TPAMI},
} 

