%%% -*-BibTeX-*-
@article{Zhuang2022IJCV,
title   = {Structured Binary Neural Networks for Image Recognition},
author  = {Bohan Zhuang and Chunhua Shen and Mingkui Tan and Peng Chen and Lingqiao Liu and Ian Reid},
journal = {International Journal of Computer Vision},
year    = {2022},
eprint  = {1909.09934},
project = {},
venue   = {IJCV},
} 

