%%% -*-BibTeX-*-
@article{Zhuang2018PR,
    title  = {Multi-label Learning Based Deep Transfer Neural Network for Facial Attribute Classification},
    author = {Ni Zhuang  and   Yan Yan  and   Si Chen   and   Hanzi Wang  and  Chunhua Shen},
    journal= {Pattern Recognition},
    year   = {2018},
    eprint = {1805.01282},
    venue  = {PR},
} 

