%%% -*-BibTeX-*-
@inproceedings{Zhuang2018CVPR_a,
    title      = {Parallel Attention: A Unified Framework for Visual Object Discovery through Dialogs and Queries},
    author       = {Bohan Zhuang and  Qi Wu    and  Chunhua Shen  and  Ian Reid  and Anton {van den Hengel} },
    year        = {2018},
    month       = {},
    booktitle   = {IEEE Conference on Computer Vision and Pattern Recognition (CVPR'18)},
    address     = {},
    venue       = {CVPR},
    pages       = {},
    volume      = {},
    publisher   = {},
    eprint      = {1711.06370},
    url         = {},
    project     = {},
} 

